1716 2742
46 807 82 836 10

46 1122 83 1150 15

45 1436 82 1464 20

44 1752 81 1780 25

43 2065 81 2094 80

493 107 851 146 PANEGYRIGUS
880 111 940 154 29,
956 118 972 143 3
988 129 1033 134 —
1050 110 1109 152 31,
1125 117 1151 143 6.
1443 104 1535 149 345

108 226 340 272 addiderat
365 225 603 270 arentibus.
646 222 794 284 Igitur
819 222 1130 280 inundatione,
1157 221 1203 264 id
1229 222 1297 265 est
1322 220 1536 277 ubertate,

108 289 234 349 regio
276 288 483 333 fraudata
523 288 586 332 sic
629 303 761 345 opem
796 285 995 331 Caesaris
1038 283 1287 340 invocavit,
1328 288 1379 327 ut
1421 282 1538 326 solet

109 367 286 397 amnem
313 367 464 408 suum,
491 366 573 395 nec
599 350 780 409 longius
808 350 876 393 illi
903 348 1193 393 adversorum
1220 347 1308 391 fuit
1328 345 1537 404 spatium,

109 430 244 473 quam
277 414 384 458 dum
423 414 621 458 nuntiat:
667 416 760 457 tam
800 413 949 469 velox,
997 410 1175 467 Caesar,
1218 408 1420 468 potentia
1458 411 1538 452 tua

108 479 177 523 est
201 479 384 535 tamque
410 476 459 520 in
485 476 636 520 omnia
662 476 830 533 pariter
855 475 1029 519 intenta
1049 473 1227 518 bonitas
1254 475 1299 517 et
1325 472 1538 529 accincta,

107 542 160 585 ut
189 539 364 584 tristius
397 538 568 596 aliquid
605 539 783 583 saeculo
820 541 899 582 tuo
933 537 1076 595 passis
1111 537 1166 580 ad
1198 535 1443 580 remedium
1471 548 1537 578 sa-

106 604 339 661 lutemque
366 601 583 658 sufficiat,
609 603 660 644 ut
687 601 813 645 scias.
848 599 1068 644 Omnibus
1094 599 1301 657 equidem
1326 597 1535 657 gentibus
1550 589 1608 638 31

106 666 278 711 fertiles
299 680 440 710 annos
463 666 703 724 gratasque
729 666 869 707 terras
891 678 1067 720 precor3
1103 661 1365 707 crediderim
1385 663 1537 705 tamen

31 769 34 772 .
106 744 188 788 per
218 728 341 773 hunc
373 727 572 787 Aegypti
606 729 773 771 statum
806 729 907 770 tuas
939 726 1168 770 fortunam
1202 725 1318 770 vires
1346 723 1538 782 experiri

106 794 322 850 tuamque
379 789 662 850 vigilantiam
716 791 917 847 spectare
972 788 1181 832 voluisse.
1248 787 1387 844 Nam,
1433 801 1536 831 cum

108 855 262 900 omnia
287 854 482 906 secunda
508 853 676 910 ubique
704 851 934 908 merearis,
965 867 1115 895 nonne
1142 851 1430 895 manifestum
1458 852 1536 906 est,

107 917 147 963 si
180 917 290 975 quid
321 916 496 961 adversi
531 916 681 973 cadat,
713 915 803 959 tuis
836 914 1044 958 laudibus
1078 914 1258 971 tuisque
1294 912 1536 957 virtutibus

107 981 342 1026 materiam
375 993 674 1037 campumque
707 977 976 1036 praesterni,
1008 991 1110 1021 cum
1144 975 1338 1021 secunda
1370 975 1538 1032 felices,

108 1043 294 1088 adversa
326 1057 515 1102 magnos
544 1040 765 1100 probent?
808 1039 1152 1084 Percrebruerat
1184 1039 1432 1096 antiquitus
1466 1054 1537 1082 ur-

107 1106 211 1151 bem
236 1108 439 1151 nostram
463 1105 552 1149 nisi
580 1104 740 1162 opibus
769 1102 968 1162 Aegypti
1002 1102 1062 1146 ali
1089 1102 1419 1160 sustentarique
1444 1116 1537 1145 non

107 1184 250 1228 posse.
319 1167 615 1226 Superbiebat
659 1168 846 1210 ventosa
891 1168 937 1210 et
981 1165 1178 1210 insolens
1224 1165 1369 1222 natio,
1416 1163 1536 1222 quod

107 1232 325 1277 victorem
358 1230 540 1289 quidem
574 1229 795 1288 populum
823 1230 1026 1286 pasceret
1051 1230 1220 1285 tamen,
1255 1228 1464 1285 quodque
1489 1227 1538 1271 in

108 1310 189 1341 suo
222 1293 428 1351 flumine,
459 1294 507 1337 in
541 1293 633 1337 suis
664 1292 853 1336 navibus
887 1292 961 1335 vel
987 1290 1260 1335 abundantia
1285 1293 1441 1335 nostra
1466 1290 1538 1334 vel

107 1357 247 1403 fames
280 1359 408 1402 esset.
466 1355 733 1400 Refudimus
766 1354 875 1399 Nilo
910 1370 1011 1398 suas
1043 1353 1213 1411 copias:
1245 1354 1414 1410 recepit
1446 1353 1537 1397 fru-

107 1423 283 1478 menta,
337 1435 451 1478 quae
497 1418 698 1475 miserat,
752 1417 1101 1475 deportatasque
1143 1431 1307 1460 messes
1352 1416 1536 1461 revexit.

107 1483 265 1528 Discat
296 1483 438 1542 igitur
468 1480 706 1541 Aegyptus
734 1480 973 1537 credatque
1000 1479 1305 1537 experimento
1333 1494 1427 1523 non
1459 1479 1537 1523 ali-

106 1549 260 1591 menta
285 1561 331 1590 se
357 1544 509 1602 nobis,
535 1544 612 1589 sed
638 1544 809 1588 tributa
835 1545 1079 1601 praestare,
1112 1542 1225 1587 sciat
1251 1557 1296 1586 se
1322 1557 1416 1586 non
1442 1557 1537 1586 esse

107 1610 278 1668 populo
317 1607 524 1653 Romano
567 1606 863 1663 necessariam
907 1608 951 1650 et
992 1608 1144 1649 tamen
1186 1605 1362 1650 serviat.
1427 1603 1537 1649 Post

106 1672 240 1731 haec,
287 1672 325 1717 si
357 1672 499 1728 volet,
539 1670 672 1714 Nilus
714 1671 833 1713 amet
872 1669 1050 1712 alveum
1084 1683 1216 1712 suum
1257 1670 1302 1712 et
1337 1667 1537 1712 fluminis

108 1735 294 1780 modum
322 1736 485 1779 servet:
512 1732 627 1777 nihil
653 1733 740 1776 hoc
767 1732 822 1775 ad
850 1731 1006 1776 urbem
1034 1746 1086 1775 ac
1111 1747 1167 1775 ne
1195 1731 1250 1775 ad
1277 1729 1538 1789 Aegyptum

108 1798 309 1857 quidem,
341 1797 431 1843 nisi
463 1799 515 1841 ut
548 1795 652 1839 inde
677 1794 860 1853 navigia
885 1794 1037 1838 inania
1063 1796 1108 1838 et
1133 1795 1275 1838 vacua
1302 1795 1347 1837 et
1373 1793 1539 1837 similia

106 1861 411 1918 redeuntibus,
438 1859 544 1903 hinc
558 1859 691 1916 plena
712 1860 756 1902 et
769 1859 942 1915 onusta,
969 1859 1014 1901 et
1035 1857 1186 1914 qualia
1207 1857 1354 1901 solent
1373 1855 1537 1911 venire,

107 1924 364 1980 mittantur,
396 1936 703 1979 conversoque
730 1936 914 1964 munere
941 1919 1075 1964 maris
1103 1919 1209 1964 hinc
1235 1919 1387 1978 potius
1414 1919 1537 1963 venti

106 1987 300 2032 ferentes
326 1989 372 2031 et
397 1985 545 2030 ‘brevis
573 1998 728 2028 cursus
756 1985 979 2040 optentur.
1043 1982 1229 2040 Mirum,
1263 1981 1442 2039 Caesar,
1473 1981 1536 2026 vi-

108 2049 306 2107 deretur,
357 2048 393 2094 si
441 2047 637 2092 desidem
684 2044 944 2105 Aegyptum
997 2048 1333 2103 cessantemque
1377 2043 1535 2089 Nilum

105 2128 199 2157 non
225 2111 437 2157 sensisset
461 2110 586 2155 urbis
614 2124 811 2166 annona;
844 2123 957 2166 quae
992 2109 1082 2152 tuis
1111 2108 1292 2166 opibus,
1324 2110 1404 2152 tua
1430 2122 1537 2152 cura

105 2190 249 2234 usque
293 2175 403 2220 illuc
446 2172 731 2229 redundavit,
776 2174 827 2215 ut
872 2172 1007 2216 simul
1051 2171 1320 2229 probaretur
1364 2173 1409 2215 et
1452 2185 1536 2215 nos

107 2237 318 2298 Aegypto
351 2252 484 2296 posse
523 2239 568 2280 et
606 2234 736 2279 nobis
770 2233 1031 2293 Aegyptum
1072 2249 1221 2279 carere
1260 2248 1353 2278 non
1391 2248 1535 2291 posse.

106 2300 274 2346 Actum
317 2303 413 2345 erat
451 2299 505 2343 de
544 2297 865 2343 fecundissima
907 2299 1059 2356 gente,
1103 2297 1142 2341 si
1179 2296 1320 2341 libera
1357 2296 1535 2354 fuisset,

206 2402 226 2436 1
254 2398 426 2445 indeque
452 2396 579 2434 ubert.
601 2397 756 2441 Baehr.,
782 2396 848 2433 sed
872 2407 905 2432 v.
928 2396 1076 2432 Burkh.
1098 2407 1140 2442 p.
1162 2397 1246 2432 173.
1394 2393 1443 2431 4*
1469 2406 1536 2443 eqo

105 2450 344 2496 interpwnoei,
370 2461 404 2486 v.
425 2448 478 2484 ad
499 2459 540 2494 p.
561 2450 622 2492 47,
651 2449 696 2492 1;
721 2448 807 2491 338,
837 2448 895 2482 16.
1050 2449 1094 2482 11
1124 2456 1199 2482 sec,
1225 2444 1334 2492 ubiq.
1357 2444 1417 2491 W,
1445 2445 1536 2482 K.1

105 2511 154 2537 ex
178 2500 249 2544 Ac,
276 2500 498 2545 Bornecque
518 2509 559 2544 p.
581 2499 656 2534 214
682 2500 718 2534 et
741 2499 830 2542 233,
856 2494 963 2542 ubiq.
986 2507 1061 2533 sec.
1082 2496 1182 2544 vulq.

1564 227 1586 260 5

1564 1043 1587 1076 2

1564 1357 1586 1390 3

1563 1608 1586 1640 4

1564 2307 1585 2340 6
