1630 2678
564 104 920 143 EPISTULARUM
944 104 979 141 11
1007 108 1064 140 ιτ.
1446 104 1506 149 53

110 234 271 265 nonum
300 218 446 264 media
469 219 683 262 inanitate
708 217 941 262 consumit.
996 215 1271 273 Adplicitum
1297 218 1364 259 est
1389 215 1506 259 cubi-

110 281 212 327 culo
248 280 558 339 hypocauston
595 280 902 337 perexiguum,
941 277 1060 335 quod
1099 280 1287 336 angusta
1316 277 1508 321 fenestra

110 343 392 401 suppositum
430 341 639 398 calorem,
677 344 728 384 ut
765 340 877 384 ratio
910 340 1065 398 exigit,
1105 343 1182 383 aut
1213 339 1400 382 effundit
1431 340 1508 381 aut

109 403 283 449 retinet.
352 402 600 447 Procoeton
643 402 745 445 inde
789 404 834 445 et
878 401 1130 445 cubiculum
1175 400 1419 458 porrigitur
1462 400 1509 442 in

65 485 87 514 ο
111 465 268 522 solem,
301 479 431 522 quem
462 464 676 507 orientem
703 463 853 507 statim
880 465 1113 519 exceptum
1139 462 1256 505 ultra
1281 460 1507 505 meridiem

112 525 306 571 oblicum
338 525 535 582 quidem,
566 525 642 568 sed
673 527 822 568 tamen
854 526 1009 568 servat.
1067 522 1119 566 In
1144 523 1259 567 hanc
1285 537 1367 581 ego
1395 522 1507 565 diae-

109 590 203 632 tam
244 602 346 632 cum
387 602 457 630 me
497 586 663 643 recepi,
702 585 853 629 abesse
894 585 1005 628 mihi
1046 585 1179 628 etiam
1217 600 1243 627 a
1274 585 1381 627 villa
1412 598 1509 626 mea

111 648 266 693 videor
308 662 602 707 magnamque
640 646 734 690 eius
772 647 1047 703 voluptatem
1087 646 1320 702 praecipue
1359 643 1509 688 Satur-

110 709 287 754 nalibus
325 709 472 767 capio,
509 723 610 753 cum
645 708 817 764 reliqua
854 723 955 764 pars
994 708 1099 751 tecti
1131 707 1309 750 licentia
1340 707 1507 750 dierum

50 791 87 818 ιο
111 771 325 828 festisque
362 769 628 815 clamoribus
666 772 891 827 personat3
929 784 1031 812 nam
1070 783 1152 812 nec
1184 769 1278 825 ipse
1310 782 1509 811 meorum

110 831 282 877 lusibus
313 846 395 876 nec
426 832 493 876 illi
525 830 682 875 studiis
714 831 822 874 meis
850 831 1122 887 obstrepunt.
1180 829 1302 873 Haec
1327 829 1509 885 utilitas,

110 893 222 938 hoec
258 893 500 938 amoenitas
539 892 742 937 deficitur
778 903 893 949 aqua
931 891 1123 947 salienti,
1162 891 1236 934 sed
1269 893 1427 947 puteos
1459 904 1510 933 ac

112 954 263 1013 potius
293 954 439 998 fontes
465 953 615 1011 habet3
648 956 752 997 sunt
783 954 899 997 enim
927 953 974 996 in
1000 967 1185 996 summo.
1242 951 1302 995 Et
1329 951 1509 995 omnino

110 1016 255 1061 litoris
306 1015 427 1060 illius
471 1015 582 1059 mira
624 1018 800 1058 natura:
852 1029 1132 1071 quocumque
1175 1014 1275 1057 loco
1321 1013 1510 1056 moveris

51 1098 88 1127 u
110 1077 316 1132 humum,
357 1076 515 1121 obvius
548 1080 592 1120 et
623 1079 802 1133 paratus
834 1091 962 1120 umor
994 1075 1186 1119 occurrit
1218 1075 1341 1131 isque
1375 1074 1511 1117 since-

38 1143 44 1147 ’
110 1152 187 1183 rus
227 1153 279 1183 ac
318 1153 374 1182 ne
414 1138 571 1182 leviter
611 1138 789 1194 quidem
829 1140 954 1181 tanta
992 1137 1125 1180 maris
1158 1137 1385 1180 vicinitate
1419 1150 1510 1179 cor-

111 1202 282 1258 ruptus.
343 1197 600 1258 Suggerunt
631 1199 813 1242 adfatim
845 1199 968 1257 ligna
999 1198 1224 1255 proximae
1258 1198 1413 1253 silvae3
1444 1211 1510 1240 ce·

111 1264 230 1306 teras
259 1260 410 1318 copias
436 1259 651 1304 Ostiensis
678 1260 853 1304 colonia
879 1260 1110 1303 ministrat.
1169 1258 1306 1317 Frugi
1333 1257 1511 1314 quidem

111 1322 284 1367 homini
321 1321 489 1366 sufficit
520 1322 653 1366 etiam
685 1322 827 1378 vicus,
867 1335 996 1378 quem
1029 1335 1117 1364 una
1149 1321 1257 1363 villa
1289 1319 1511 1363 discernit.

51 1403 89 1432 no
112 1381 166 1428 In
202 1383 290 1428 hoc
326 1382 501 1427 balinea
533 1383 758 1427 meritoria
789 1382 892 1436 tria,
931 1397 1093 1439 magna
1125 1381 1436 1437 commoditas,
1474 1380 1512 1423 si

111 1445 227 1489 forte
263 1444 486 1488 balineum
527 1444 646 1488 domi
683 1445 754 1488 vel
786 1443 958 1487 subitus
991 1443 1204 1486 adventus
1236 1442 1306 1486 vel
1338 1441 1512 1485 brevior

112 1521 238 1551 mora
267 1505 480 1550 calfacere
511 1505 772 1549 dissuadeat.
830 1505 955 1548 Litus
989 1507 1149 1548 ornant
1179 1504 1390 1547 varietate
1416 1517 1511 1561 gra-

111 1568 286 1612 tissima
314 1582 434 1611 nunc
465 1567 693 1623 continua,
725 1581 843 1610 nunc
876 1566 1125 1609 intermissa
1150 1567 1267 1609 tecta
1292 1565 1511 1620 villarum,

114 1644 227 1686 quae
270 1630 497 1686 praestant
540 1629 780 1671 multarum
826 1627 1000 1670 urbium
1044 1626 1220 1682 faciem,
1266 1626 1356 1669 sive
1402 1625 1512 1668 mari

52 1709 89 1737 ιι
114 1690 207 1734 sive
238 1690 336 1747 ipso
367 1690 498 1734 litore
530 1692 673 1744 utare3
706 1688 824 1744 quod
850 1703 941 1731 non
965 1702 1207 1744 numquam
1235 1688 1369 1746 longa
1394 1690 1511 1730 tran-

115 1751 312 1808 quillitas
350 1751 515 1806 mollit,
553 1751 726 1806 saepius
759 1750 964 1805 frequens
996 1751 1040 1793 et
1072 1749 1317 1793 contrarius
1350 1749 1511 1792 fluctus

115 1812 303 1856 indurat.
372 1810 495 1855 Mare
538 1826 628 1854 non
673 1825 776 1854 sane
821 1810 1025 1868 pretiosis
1071 1809 1266 1867 piscibus
1305 1809 1512 1865 abundat,

116 1873 257 1917 soleas
298 1875 446 1916 tamen
489 1875 533 1915 et
574 1872 757 1927 squillas
801 1872 990 1928 optimas
1032 1871 1182 1930 egerit.
1246 1871 1366 1914 Villa
1408 1885 1511 1914 vero

114 1936 268 1978 nostra
298 1933 431 1977 etiam
464 1932 801 1977 mediterraneas
834 1933 983 1990 copias
1016 1935 1228 1990 praestat,
1259 1933 1328 1975 lac
1355 1932 1400 1975 in
1427 1932 1513 1988 pri·

54 2013 92 2042 ω
116 1995 219 2051 mi03
249 2009 351 2038 nam
385 1994 492 2038 illuc
517 2009 540 2038 e
566 1994 739 2051 pascuis
767 2009 926 2051 pecora
952 1995 1237 2050 conveniunt,
1271 1994 1307 2036 si
1335 1991 1512 2048 quando

116 2071 276 2113 aquam
310 2055 566 2099 umbramve
599 2058 833 2099 sectantur.

215 2191 237 2224 8
260 2187 342 2224 eius
362 2187 598 2234 voluptatem
619 2186 870 2234 (voluntatem
892 2188 942 2224 M
957 2188 1004 2234 V)
1025 2187 1230 2233 praecipue
1252 2185 1513 2222 saturnalibus

118 2237 292 2282 MVre,
318 2237 400 2274 eius
427 2236 499 2272 vol.
521 2247 608 2272 ecce
628 2247 685 2282 pr.
706 2238 778 2273 sat.
800 2237 919 2274 RFa
931 2239 1004 2282 (p),
1030 2236 1113 2272 eius
1139 2235 1211 2271 vol.
1239 2247 1284 2271 ex
1310 2246 1357 2271 ea
1384 2238 1446 2280 (ea
1473 2236 1514 2270 in

117 2286 237 2323 litura
261 2286 312 2322 al.
338 2287 454 2331 man.)
481 2297 536 2331 pr.
564 2286 635 2321 sat.
661 2285 714 2330 D,
747 2285 827 2322 eius
858 2296 1028 2321 secessus
1054 2284 1292 2330 voluptatem
1318 2283 1339 2320 ?
1366 2284 1514 2327 Muell„

118 2345 140 2372 e
158 2346 309 2371 secessu
328 2334 567 2381 voluptatem
588 2334 732 2381 Stanyl.
827 2338 871 2370 13
892 2333 1032 2380 potiles
1049 2345 1122 2380 pro
1142 2334 1271 2379 potius
1293 2333 1514 2370 Mommsen.

121 2387 167 2420 10
181 2385 383 2429 eon-uptus
398 2384 606 2429 RFsz,
620 2382 877 2420 salsusMVs.
934 2387 978 2419 21
996 2382 1145 2419 domini
1156 2394 1229 2428 pro
1243 2381 1346 2418 domi
1363 2382 1512 2419 RFre.

119 2435 167 2469 88
180 2432 303 2480 egerit
315 2432 434 2477 codd„
446 2433 488 2468 K
489 2433 630 2479 .,vu19.‚
642 2431 813 2479 suggerit
827 2442 887 2477 νς,
904 2432 1035 2468 Muell.
1094 2435 1135 2467 31
1152 2431 1405 2477 umbramque
1416 2431 1454 2469 R
1466 2431 1511 2467 F.

1533 229 1580 262 23

1535 535 1583 569 24

1536 842 1583 876 25

1537 1211 1584 1244 26

1538 1516 1583 1549 2⁷

1538 1823 1586 1855 28
