1630 2678
0 0 193 70 W?
150 0 226 70 ,1³²

76 78 98 97 μ’,

567 149 923 187 sms'rULARUM
948 149 965 184 1
991 153 1050 186 20.
1451 155 1510 198 25

109 264 249 321 euim)
287 265 383 311 siue
422 264 634 309 facultate
672 277 844 306 summa
882 261 1151 320 contigisset.
1214 260 1332 306 Nam
1372 262 1510 308 delec-

107 329 220 398 tare,
255 325 518 386 persuadere
556 324 730 382 copiam
762 323 935 368 dicendi
967 324 1248 393 spatiumque
1280 324 1509 382 desiderat,

105 384 354 446 relinquere
390 402 496 432 vero
538 386 740 430 aculeum
782 385 829 428 in
866 384 1138 428 audientium
1176 385 1336 429 animis
1367 386 1405 429 is
1439 387 1509 430 de-

106 462 242 495 mum
260 452 426 508 potest,
459 448 536 505 qui
566 462 658 491 non
687 446 866 517 pungit,
899 446 975 490 sed
1006 446 1162 505 infigit
1220 446 1365 503 Adde,
1398 462 1509 505 quae
1537 451 1582 484 19

65 526 84 556 ⁸
109 510 165 555 de
194 511 351 556 eodem
382 509 552 554 Pericle
583 509 777 552 comicus
810 507 939 551 alter.

105 589 416 648 ἤστραπτ’,
460 587 755 645 ἐβρόντα,
787 587 1107 631 συνεκύκα
1138 588 1235 644 τὴν
1261 585 1507 632 ‘Eiidem

105 668 214 714 Non
262 669 379 713 enim
430 670 657 725 amputata
700 666 842 710 oratio
887 670 933 710 et
976 666 1165 723 abscisa,
1215 667 1291 711 sed
1333 668 1426 711 lata
1466 671 1510 711 et

107 730 345 790 magnifica
386 732 432 774 et
475 730 647 774 excelsa
683 731 833 784 tonat,
875 728 1092 786 fulgurat,
1133 730 1281 772 omnia
1319 729 1508 786 denique

105 791 338 850 perturbat
367 806 420 836 ac
449 791 614 835 miscet.
666 762 887 846 Optimus
918 792 1068 833 tamen
1092 790 1250 833 modus
1283 790 1385 834 est':
1411 791 1509 848 quis
1535 793 1582 826 20

44 869 84 898 ιο
105 855 268 912 negat?
307 852 384 897 sed
419 867 512 896 non
550 852 697 896 minus
735 865 827 894 non
865 853 1010 894 servat
1046 851 1247 907 modum,
1286 852 1362 908 qui
1393 852 1510 896 infra

106 929 200 959 rem
225 928 359 972 quam
384 913 463 971 qui
487 927 638 970 supra,
670 913 748 969 qui
779 912 1032 956 adstrictius
1065 927 1197 969 quam
1225 914 1301 970 qui
1327 914 1508 957 effusius

106 975 226 1020 dicit.
286 973 443 1032 Itaque
481 974 605 1018 audis
644 973 896 1030 frequenter
926 976 978 1017 ut
1014 973 1144 1017 illud:
1184 974 1427 1018 inmodice
1465 978 1509 1018 et
1534 978 1578 1010 21

105 1035 416 1081 redundante?
458 1035 522 1080 ita
561 1035 664 1079 hoc:
707 1035 866 1078 ‘ieiune
907 1038 951 1079 et
991 1035 1195 1078 infirme’.
1264 1036 1393 1079 Alius
1438 1051 1507 1079 ex-

105 1097 288 1143 ecuisse
323 1097 573 1153 materiam,
610 1097 723 1140 alius
756 1096 919 1140 dicitur
948 1111 1041 1140 non
1073 1097 1290 1153 implesse.
1354 1097 1507 1154 Aeque

44 1175 80 1203 ιι
104 1161 309 1217 uterque,
333 1158 410 1203 sed
435 1158 512 1203 ille
538 1157 864 1214 imbecillitate,
890 1157 964 1201 hic
987 1157 1157 1201 viribus
1183 1161 1356 1215 peccat3
1388 1160 1507 1216 quod

104 1222 242 1278 certe,
271 1220 356 1264 etsi
378 1235 471 1264 non
494 1220 746 1274 limatioris,
779 1219 957 1262 maioris
983 1222 1132 1262 tamen
1157 1220 1325 1278 ingenii
1351 1220 1507 1263 vitium

104 1284 183 1326 est.
261 1280 357 1326 Nec
397 1296 522 1337 vero,
572 1296 673 1325 cum
723 1280 833 1324 haec
873 1280 990 1337 dico,
1042 1281 1168 1323 illum
1221 1280 1504 1325 Homericum
1533 1283 1580 1315 22

104 1342 357 1400 ἀμετροεπῆ
389 1342 550 1399 probo,
581 1342 656 1386 sed
689 1342 826 1385 hunc:

167 1421 269 1467 καὶ
300 1419 447 1466 ἔπεα
479 1422 810 1479 νιφάδεσσιν
842 1420 1057 1465 ἐοικότα
1089 1423 1445 1483 χειμερίῃσιν,

41 1516 80 1546 so
102 1516 196 1547 non
226 1502 332 1559 quia
361 1517 453 1546 non
484 1505 529 1546 et
558 1502 635 1546 ille
667 1501 777 1545 mihi
808 1501 1078 1544 validissime
1109 1502 1298 1558 placeat:

180 1586 358 1638 παῦρα
389 1581 500 1638 μέν,
534 1581 667 1625 ἀλλὰ
699 1581 837 1637 μάλα
870 1580 1078 1637 λιγέως·

104 1661 142 1706 si
172 1663 321 1706 tamen
359 1661 488 1706 detur
519 1661 696 1716 electio,
735 1661 856 1704 illam
896 1660 1140 1704 orationem
1174 1661 1364 1706 similem
1395 1663 1505 1706 nivi·

102 1721 187 1767 bus
226 1721 443 1778 hibernis,
481 1722 524 1766 id
567 1725 634 1765 est
672 1722 866 1765 crebram
906 1725 951 1765 et
982 1722 1208 1766 adsiduam
1248 1726 1293 1766 et
1323 1724 1505 1782 largam,

102 1786 328 1842 postremo
361 1784 554 1827 divinam
589 1786 633 1826 et
665 1783 915 1839 caelestem,
953 1784 1067 1827 volo.
1131 1783 1208 1827 ‘At
1240 1788 1307 1828 est
1339 1786 1506 1843 gratior
1533 1785 1578 1818 23

3 1842 9 1847 ’
42 1863 79 1892 ss
102 1844 258 1888 multis
290 1845 406 1888 actio
438 1843 610 1888 brevis’.
669 1843 773 1900 Est,
804 1843 878 1887 sed
911 1844 1151 1901 inertibus,
1183 1860 1371 1901 quorum
1400 1847 1503 1890 deli-

104 1906 194 1949 cias
238 1905 538 1962 desidiamque
583 1905 708 1962 quasi
752 1905 963 1949 iudicium
1008 1906 1224 1963 respicere
1268 1908 1503 1951 ridiculum

105 1969 183 2011 est.
232 1965 370 2022 Nam,
402 1966 438 2009 si
463 1966 546 2010 hos
572 1966 617 2010 in
644 1966 829 2010 consilio
862 1967 1043 2024 habeas,
1073 1983 1163 2011 non
1196 1969 1339 2011 solum
1367 1969 1504 2013 satius

105 2029 173 2071 est
203 2026 396 2071 breviter
427 2027 588 2084 dicere,
621 2027 696 2071 sed
729 2028 910 2071 omnino
943 2043 1033 2072 non
1066 2029 1220 2072 dicere.
1284 2029 1406 2074 Haec
1438 2034 1505 2074 est
1531 2029 1577 2061 24

105 2088 249 2133 adhuc
281 2089 499 2132 sententia
531 2103 647 2145 mea,
679 2104 807 2146 quam
844 2090 1046 2146 mutabo,
1084 2091 1120 2133 si
1155 2090 1410 2134 dissenseris
1443 2094 1503 2147 tu,

0 2147 3 2150 ’
41 2168 82 2198 ιο
105 2149 182 2195 sed
201 2150 354 2208 plane,
386 2164 464 2194 cur
489 2149 740 2207 dissentias,
765 2151 955 2207 explices
981 2166 1102 2209 rogo.
1156 2151 1365 2203 Quamvis
1387 2153 1502 2196 enim

203 2285 226 2318 ὃ
253 2283 445 2330 Aristoph.
467 2283 633 2319 Acharn.
646 2285 729 2319 531.
832 2287 852 2319 7
873 2295 906 2320 v.
929 2283 1048 2321 Merr.
1066 2284 1183 2320 Class.
1205 2285 1354 2320 Review
1376 2285 1507 2321 XVII

96 2341 140 2378 p.
166 2333 225 2368 53.
328 2334 373 2367 18
401 2331 512 2368 Hom.
542 2332 579 2367 B
609 2334 843 2368 212.19
878 2332 990 2369 Hom.
1019 2335 1055 2369 Γ
1083 2335 1179 2377 222,·
1211 2333 1271 2368 cui
1305 2334 1362 2369 vel
1393 2334 1501 2370 cuius

99 2389 171 2426 pm
202 2379 270 2416 καὶ
303 2380 412 2417 Boot
513 2383 559 2416 20
592 2378 748 2427 placeat
780 2380 906 2430 <qui>
939 2387 1071 2425 παῦρα
1104 2382 1211 2418 Boot
1314 2385 1357 2418 21
1388 2382 1500 2419 Hom.

104 2429 244 2465 1'214.
347 2432 394 2465 25
427 2429 568 2472 oratio,
601 2429 700 2476 quod
728 2441 801 2486 pro
834 2430 935 2466 actio
968 2431 1139 2466 exhibent
1167 2430 1216 2466 K.
1239 2431 1264 2467 1
1293 2435 1327 2467 et
1355 2432 1501 2476 Muell„

0 2506 8 2556 ,ἰ
103 2487 290 2524 nuquam
315 2478 497 2515 traditum
524 2482 587 2515 est
667 2481 713 2515 28
734 2480 847 2525 prius
873 2481 932 2515 est
957 2490 1026 2515 om.
1055 2479 1105 2514 ‘11
1119 2479 1158 2514 V.
