1630 2678
92 366 113 398 6

94 669 114 701 7

94 1153 114 1185 9

74 1637 120 1672 10

79 1879 121 1911 11

77 1999 123 2032 12

139 127 197 172 70
643 159 648 204 ι,
733 121 771 158 C.
793 120 926 157 mm

137 251 226 280 non
268 238 433 293 posset,
484 235 544 278 ita
587 209 743 286 mirum
788 232 1001 290 pudorem
1046 229 1357 287 damnationis(
1383 232 1525 275 morte

137 297 319 356 fugisse,
371 311 498 352 quem
540 309 628 338 non
652 293 899 352 'puduisset
945 290 1200 349 damnanda}
1239 291 1524 336 committere.

137 357 290 402 Nihilo
334 358 476 400 minus
514 355 689 398 Baetica
731 355 862 399 etiam
912 354 958 397 in
1008 352 1204 397 defuncti
1247 352 1525 398 accusatione

139 418 372 476 perstabat.
434 417 662 460 Provisum
702 415 788 459 hoc
818 415 1008 474 legibus,
1046 413 1347 459 intermissum
1375 415 1527 460 tamen

140 482 184 523 et
224 482 324 536 post
363 479 537 535 longam
579 476 948 534 intercapedinem
988 478 1095 519 tunc
1132 475 1372 520 reductum.
1436 473 1526 520 Ad·
1551 489 1568 517 τι

141 540 342 583 diderunt
371 538 554 594 Baetici,
587 538 705 594 quod
737 538 870 582 simul
901 537 1042 581 socios
1068 537 1382 594 ministrosque
1407 534 1526 580 Clas-

141 600 220 644 sici
252 600 499 643 detulerunt
528 599 876 655 nominatimque
908 598 953 641 in
985 612 1059 642 eos
1091 596 1424 655 inquisitionem
1448 611 1527 656 po·

141 662 417 705 stulaverunt.
480 658 669 703 Aderam
701 659 890 703 Baeticis
923 673 1179 715 mecumque
1210 657 1426 703 Lucceius
1450 657 1528 702 Al-

140 722 286 777 binus,
317 721 384 763 vir
402 721 448 763 in
473 720 656 764 dicendo
683 721 909 777 copiosus,
941 722 1140 776 ornatus3
1165 734 1297 777 quem
1322 733 1405 778 ego
1425 733 1527 764 cum

142 783 244 825 olim
285 784 436 825 mutuo
469 781 714 839 diligerem,
756 797 809 825 ex
848 782 930 825 hac
972 781 1108 825 officii
1140 781 1350 826 societate
1381 794 1528 826 amare
1553 793 1589 822 ιο

142 842 360 886 ardentius
393 842 528 899 coepi.
567 841 714 886 Habet
740 843 914 899 quidem
946 842 1106 900 gloria,
1137 842 1184 886 in
1215 841 1374 887 studiis
1405 857 1528 900 prae·

142 904 301 959 sertim,
326 902 532 959 quiddam
559 902 894 960 ἀκοινονόητον,
925 904 1052 947 nobis
1072 906 1220 948 tamen
1237 903 1413 948 nullum
1438 917 1529 948 cer·

140 967 302 1020 tamen,
327 965 450 1007 nulla
470 965 709 1021 contentio,
742 979 841 1008 cum
867 967 1051 1021 uterque
1077 965 1174 1022 pari
1198 965 1304 1024 iugo
1330 979 1422 1009 non
1444 978 1527 1022 pro

141 1040 204 1080 se,
248 1025 321 1068 sed
365 1040 445 1081 pro
491 1040 620 1069 causa
663 1026 891 1082 niteretur3
936 1026 1058 1070 cuius
1103 1029 1148 1070 et
1191 1025 1451 1084 magnitudo
1483 1027 1529 1070 et

141 1085 306 1128 utilitas
338 1086 432 1128 visa
472 1088 537 1129 est
574 1087 812 1143 postulare,
853 1102 908 1130 ne
945 1090 1118 1130 tantum
1157 1087 1302 1131 oneris
1340 1086 1528 1146 singulis
1554 1099 1589 1127 ιε

140 1146 383 1190 actionibus
416 1146 670 1190 subiremus.
709 1147 992 1204 Verebamur,
1024 1163 1079 1192 ne
1105 1162 1186 1192 nos
1213 1147 1322 1204 dies,
1354 1163 1409 1192 ne
1427 1162 1528 1205 vox,

140 1222 194 1249 ne
225 1207 362 1250 latera
393 1207 642 1263 deficerent,
674 1209 711 1251 si
737 1212 805 1252 tot
830 1209 1032 1266 crimina,
1063 1212 1132 1253 tot
1162 1224 1260 1254 reos
1291 1223 1380 1253 uno
1406 1209 1530 1254 velut

141 1268 256 1310 fasce
289 1269 688 1324 complecteremur,
719 1269 872 1313 deinde
897 1286 952 1314 ne
978 1270 1173 1314 iudicum
1198 1271 1386 1314 intentio
1418 1270 1531 1314 mul-

142 1328 197 1370 tis
238 1328 489 1373 nominibus
535 1330 772 1386 multisque
814 1332 955 1374 causis
993 1346 1083 1375 non
1113 1332 1353 1375 lassaretur
1383 1331 1530 1388 modo,

142 1403 292 1431 verum
324 1390 454 1432 etiam
479 1391 837 1448 confunderetur3
869 1407 971 1436 mox
996 1408 1051 1436 ne
1078 1393 1221 1451 gratia
1251 1392 1530 1452 singulorum
1554 1404 1591 1432 ¹⁰

144 1449 302 1492 collata
334 1453 464 1505 atque
495 1451 712 1507 permixta
749 1468 829 1509 pro
863 1453 1048 1512 singulis
1082 1468 1260 1511 quoque
1290 1454 1406 1499 vires
1439 1467 1531 1498 om-

145 1509 265 1552 nium
315 1511 546 1567 acciperet3
596 1515 817 1568 postremo
859 1530 913 1558 ne
963 1515 1262 1571 potentissimi
1313 1514 1529 1559 vilissimo

146 1584 319 1625 quoque
352 1572 474 1626 quasi
505 1572 715 1628 piaculari
748 1574 848 1618 dato
882 1576 1035 1619 alienis
1062 1576 1216 1632 poenis
1243 1575 1530 1620 elaberentur.

145 1630 320 1673 Etenim
351 1633 444 1673 tum
476 1634 661 1677 maxime
692 1635 816 1678 favor
846 1639 890 1679 et
921 1636 1101 1680 ambitio
1135 1636 1398 1694 dominatur,
1430 1650 1531 1681 cum

147 1691 227 1734 sub
259 1691 406 1746 aliqua
431 1694 570 1748 specie
596 1696 836 1739 severitatis
869 1697 1120 1742 delitescere
1151 1701 1312 1755 potest.
1349 1697 1461 1742 Erat
1483 1697 1532 1741 in
1556 1709 1592 1738 2⁵

147 1751 330 1794 consilio
372 1751 667 1797 Sertorianum
708 1757 815 1799 illud
857 1760 1121 1816 exemplum,
1164 1759 1241 1816 qui
1280 1758 1532 1804 robustissi-

148 1826 267 1854 mum
300 1814 343 1854 et
374 1812 717 1858 infirmissimum
749 1818 931 1862 militem
964 1820 1093 1863 iussit
1124 1821 1308 1864 caudam
1340 1819 1444 1877 equi
1472 1843 1531 1851 --·

148 1872 316 1928 reliqua
346 1873 474 1916 nosti.
516 1874 630 1917 Nam
656 1891 735 1919 nos
757 1892 930 1934 quoque
950 1883 1040 1923 tam
1065 1896 1348 1925 numerosum
1374 1894 1534 1940 agmen

147 1947 320 1976 reorum
365 1934 425 1976 ita
468 1933 641 1977 demum
681 1937 932 1983 videbamus
965 1956 1093 1997 posse
1131 1942 1347 1999 superari,
1385 1941 1423 1987 si
1453 1956 1534 1999 per

149 1993 345 2051 singulos
372 1998 628 2050 carperetur.
675 1996 846 2042 Placuit
870 2000 915 2043 in
940 2002 1092 2057 primis
1119 2003 1264 2060 ipsum
1291 2002 1533 2048 Classicum
1558 2013 1595 2042 ⁸⁰

149 2054 375 2097 ostendere
415 2058 665 2099 nocentem:
704 2057 776 2101 hic
817 2061 1066 2115 aptissimus
1099 2064 1153 2107 ad
1186 2064 1330 2109 socios
1362 2064 1456 2108 eius
1488 2065 1534 2107 et

149 2114 370 2158 ministros
403 2117 612 2160 transitus
645 2121 754 2173 erat,
786 2121 888 2174 quia
920 2123 1026 2165 socii
1052 2124 1329 2182 ministrique
1354 2124 1535 2183 probari

249 2238 290 2270 11
313 2235 437 2282 gloria.
456 2247 491 2278 a,
512 2236 703 2281 Beroald„
723 2237 886 2284 gloriam
902 2241 1063 2287 FDpr.
1129 2249 1172 2280 12
1188 2246 1534 2282 ΛΚΟΙΝΟΝΟΗ·

153 2285 264 2320 ΤΟΝ
281 2288 314 2319 et
332 2285 374 2319 in
393 2295 509 2331 marq.
531 2298 793 2332 ακοινωνητον
814 2288 1175 2329 incommunicabile
1195 2294 1244 2338 F,
1270 2291 1534 2340 ἀκοινώνητον

150 2331 237 2376 Da,
259 2332 405 2376 catam,
426 2331 676 2370 ἀκοινωνιτον
696 2343 729 2372 ς’.
752 2336 794 2370 in
814 2337 952 2373 lamma
971 2349 1038 2374 om.
1059 2353 1116 2387 pr,
1136 2353 1168 2378 υ.
1186 2342 1320 2380 Muell.
1341 2343 1431 2379 adm.
1450 2342 1532 2379 crit.

151 2380 227 2417 Cic.
254 2381 332 2417 Λα.
354 2393 395 2426 p.
418 2384 506 2425 162,
531 2384 590 2418 28.
702 2386 746 2418 19
779 2383 986 2422 lassaretur
1017 2389 1207 2434 FDrsa,
1241 2391 1292 2426 K.
1314 2392 1353 2435 Ι,
1386 2390 1535 2436 Mucll„

149 2427 354 2465 lassaretur
361 2441 402 2475 p,
412 2429 606 2466 laxaretur
613 2431 664 2467 K.
673 2432 730 2467 11.
776 2432 841 2467 27*
851 2435 998 2470 malim:
1009 2437 1096 2482 equi
1109 2437 1362 2487 (revellere),
1372 2439 1534 2486 reliqua.
