1630 2678
116 262 136 294 ‘1

115 444 137 478 8

91 1113 135 1146 10

166 139 250 184 146
755 131 793 169 0.
814 130 948 167 Pmm
1598 185 1621 212 ε

161 247 296 293 bant?
328 246 363 291 Ο
397 246 582 304 Regulo,
614 245 690 301 qui
721 243 960 287 ambitione
992 242 1047 286 ab
1074 241 1278 286 omnibus
1305 239 1549 297 obtinebas,

163 310 279 367 quod
329 307 428 351 fidei
478 305 731 363 paucissimi
780 303 1023 361 praestant!
1073 302 1294 360 Equidem
1345 301 1549 360 quotiens

163 371 326 425 iudico,
366 367 482 425 quod
514 367 584 410 vel
622 366 794 423 saepius
827 364 963 421 facio,
1007 379 1140 421 quam
1172 363 1292 420 dico,
1335 365 1550 421 quantum

164 432 260 488 quis
305 430 541 487 plurimum
574 427 771 484 postulat
815 440 971 482 aquae,
1017 425 1085 468 do,
1148 424 1327 469 Etenim
1366 427 1551 468 temera-

162 493 274 535 rium
306 490 504 534 existimo
538 488 751 544 divinare,
785 502 916 544 quam
949 486 1144 543 spatiosa
1175 486 1236 530 sit
1266 499 1399 530 causa
1428 485 1551 529 inau-
1575 504 1592 532 5

162 553 268 608 dita,
307 555 566 607 tempusque
596 549 775 607 negotio
807 549 952 604 finire,
992 548 1117 592 cuius
1150 546 1332 591 modum
1361 546 1551 606 ignores,

161 612 414 671 praesertim
441 626 540 655 cum
565 612 753 667 primam
779 608 984 667 religioni
1010 623 1114 652 suae
1139 607 1273 652 iudex
1293 607 1552 665 patientiam

162 674 325 730 debeat,
373 688 483 730 quae
520 686 622 729 pars
661 687 820 729 magna
858 669 1052 714 iustitiae
1094 672 1172 714 est.
1234 667 1296 713 At
1337 668 1551 727 quaedam

162 749 428 792 supervacua
465 733 682 777 dicuntur.
745 732 909 775 Etiam:
955 731 1031 774 sed
1072 730 1210 774 satius
1252 732 1320 774 est
1359 732 1404 774 et
1443 729 1553 774 haec

161 796 246 840 dici
292 810 422 852 quam
460 809 551 838 non
602 794 687 837 dici
739 792 992 836 necessaria.
1056 791 1307 848 Praeterea,
1363 806 1420 835 an
1463 790 1554 836 sint
1578 810 1615 838 ιο

161 871 446 914 supervacua,
477 855 563 899 nisi
596 869 692 898 cum
728 854 936 909 audieris,
968 854 1079 897 scire
1109 868 1201 897 non
1233 852 1389 910 possis.

247 916 332 961 Sed
365 917 417 960 de
449 916 519 960 his
551 916 706 959 melius
733 931 879 959 coram
906 917 956 958 ut
989 915 1041 958 de
1073 914 1276 972 pluribus
1302 913 1422 958 vitiis
1449 913 1554 958 civi-

160 979 276 1022 tatis.
338 977 454 1021 Nam
492 980 542 1020 tu
575 991 749 1033 quoque
782 977 935 1020 ardore
973 975 1199 1019 communi
1235 989 1400 1019 mecum
1439 974 1553 1020 soles

161 1039 381 1083 emendari
406 1053 577 1095 cupere,
602 1053 713 1094 quae
738 1038 826 1081 iam
853 1037 1072 1095 corrigere
1099 1036 1280 1080 difficile
1306 1038 1384 1080 est.
1421 1034 1555 1080 Nunc

160 1100 444 1157 respiciamus
495 1099 649 1143 domos
699 1104 880 1143 nostras.
956 1097 1131 1155 Ecquid
1181 1097 1332 1142 omm'a
1379 1097 1428 1141 in
1476 1099 1555 1140 tua
1580 1114 1616 1143 ιε

161 1161 309 1205 recte?
341 1162 387 1204 in
413 1176 509 1204 mea
532 1161 638 1203 novi
663 1160 784 1203 nihil.
849 1159 961 1203 Mihi
987 1162 1134 1203 autem
1161 1161 1206 1202 et
1230 1158 1427 1217 gratiora
1451 1160 1556 1202 sunt

160 1223 292 1278 bona,
335 1222 453 1278 quod
489 1225 786 1278 perseverant,
824 1224 867 1264 et
898 1221 1066 1264 leviora
1097 1219 1396 1276 incommoda,
1437 1218 1556 1276 quod
1612 1252 1616 1255 .

162 1283 350 1326 adsuevi.
413 1282 534 1326 Vale.

822 1371 899 1410 ΠΙ.

173 1427 258 1467 ⁷⁴⁴⁸·
275 1426 814 1491 qisua‘drsfflg‘ffimms
841 1458 975 1492 VERo
1003 1458 1098 1492 SUO
1126 1457 1164 1492 s,
1583 1469 1620 1498 20

252 1537 419 1581 Gratias
464 1553 566 1596 ago,
618 1539 735 1595 quod
781 1539 990 1596 agellum,
1043 1553 1175 1595 quem
1225 1537 1389 1581 nutrici
1435 1551 1558 1580 meae

167 1598 444 1654 donaveram,
477 1599 709 1642 colendum
738 1600 982 1657 suscepisti.
1046 1599 1174 1656 Erat,
1206 1613 1307 1643 cum
1334 1597 1559 1653 donarem,

167 1662 339 1703 centum
385 1660 554 1702 milium
601 1676 851 1717 nummum,
897 1663 1052 1718 postea
1096 1661 1373 1704 decrescente
1411 1658 1558 1703 reditu

168 1720 299 1763 etiam
332 1720 519 1776 pretium
544 1722 722 1776 minuit,
755 1722 872 1777 quod
897 1737 1016 1766 nunc
1047 1724 1092 1765 te
1120 1724 1299 1765 curante
1324 1719 1557 1778 reparabit.
1608 1772 1610 1774 v

167 1780 234 1824 Tu
273 1781 403 1823 modo
442 1782 688 1825 memineris
734 1782 1031 1826 commendari
1067 1783 1152 1826 tibi
1191 1798 1217 1826 a
1253 1797 1325 1826 me
1361 1796 1454 1825 non
1493 1796 1559 1824 ar-
1583 1800 1621 1829 25

166 1841 294 1884 bores
327 1843 371 1884 et
401 1845 577 1898 terram,
618 1858 881 1900 quamquam
914 1845 1022 1888 haec
1049 1858 1225 1900 quoque
1233 1877 1245 1900 ‚
1277 1843 1354 1887 sed
1379 1855 1560 1886 munus-

172 1902 319 1945 culum
358 1917 525 1958 meum;
570 1904 686 1959 quod
725 1919 817 1948 esse
857 1920 988 1961 quam
1026 1904 1431 1949 fructuosissimum
1469 1917 1560 1947 non

168 1962 287 2066 11111110
330 1963 471 2065 ssalgis
516 1964 713 2020 interest,
758 1980 867 2021 quae
912 1967 1101 2023 accepit,
1145 1981 1278 2022 quam
1322 1980 1436 2022 mea,
1483 1963 1560 2021 qui

199 2038 222 2066 e
253 2038 279 2065 1.
374 2039 399 2065 a
418 2038 451 2066 e.

268 2157 288 2189 7
314 2154 480 2200 primum
506 2155 675 2191 sichard.
777 2158 845 2193 13*
872 2170 1000 2195 amore
1027 2158 1286 2195 communium
1307 2158 1359 2195 M
1364 2157 1406 2194 D
1412 2168 1442 2204 p
1452 2158 1507 2202 (r)
1518 2169 1561 2202 a,

168 2202 281 2258 pala,
312 2214 440 2238 amore
473 2205 728 2240 communium
762 2207 900 2243 civium
927 2217 959 2251 s,
994 2219 1123 2244 amore
1154 2206 1349 2244 communi
1373 2205 1559 2250 Sichard„

168 2263 209 2286 111
226 2262 331 2287 more
351 2252 541 2287 communi
562 2253 733 2298 Gasaub„
761 2266 888 2291 amore
914 2257 1106 2292 communi
1131 2256 1303 2292 omnium
1322 2255 1512 2300 Momm„
1536 2257 1562 2300 †

169 2299 256 2335 add.
272 2300 420 2344 Muell„
442 2300 578 2336 ardore
598 2304 788 2338 communi
803 2304 1011 2353 <mec>um
1026 2317 1101 2352 eqo,
1120 2305 1205 2342 vide
1223 2305 1250 2341 1
1262 2307 1297 2349 7,
1308 2306 1356 2348 2;
1376 2304 1503 2348 V117,
1517 2307 1562 2348 1;

178 2349 260 2384 VII
276 2351 334 2393 18,
353 2352 398 2404 J;
429 2349 496 2385 IX
513 2352 573 2393 28,
593 2353 637 2394 2,·
657 2362 794 2398 paney.
816 2355 872 2397 72,
892 2357 937 2398 2,·
962 2355 1132 2399 efi17,5
1156 2355 1202 2389 tu
1224 2353 1286 2388 uis
1312 2352 1493 2399 RFpro
1515 2353 1562 2388 tu

171 2396 261 2481 gne
274 2396 394 2481 1,)11111,
426 2399 454 2433 Ι
469 2401 503 2442 9,
524 2401 547 2434 5
578 2400 708 2434 tamen
740 2412 825 2436 cum
854 2403 943 2439 RF
959 2414 1034 2448 pro
1058 2404 1190 2439 tamen
1217 2400 1338 2451 (me)
1365 2411 1453 2438 cum
1476 2401 1559 2438 sim.

244 2457 353 2482 emen
382 2457 446 2482 are
466 2458 507 2492 p.
