1716 2742
427 133 430 135 ’
477 114 836 182 PANEGYRIGUs
862 148 954 190 41,1
970 165 1015 172 -
1031 148 1091 190 43,
1107 153 1134 182 5.
1436 144 1528 191 355

17 260 36 267 ‘
99 259 239 306 servis
285 274 419 318 quam
466 259 659 305 dominis
704 259 987 317 praestitisti,
1031 274 1114 304 nos
1167 259 1284 303 enim
1335 273 1528 316 securos,

98 323 203 368 illos
234 323 378 368 bonos
411 323 568 368 fecisti.
633 322 741 368 Non
773 323 840 367 vis
874 323 922 367 in
954 325 999 367 te
1032 338 1084 367 ea
1108 322 1302 380 laudari,
1326 336 1410 366 nec
1438 321 1528 366 for·
1554 333 1578 367 4

98 389 216 431 tasse
257 385 481 430 laudanda
523 387 632 430 sint:
675 388 803 445 grata
847 388 953 431 sunt
993 388 1144 430 tamen
1187 384 1527 430 recordantibus

96 447 348 507 principem
380 449 511 493 illum
545 449 593 493 in
619 449 766 507 capita
792 448 1075 493 dominorum
1105 463 1256 492 servos
1283 448 1529 492 subornan-

53 523 72 552 s
96 514 188 557 tem
234 515 650 570 monstrantemque
695 511 901 568 crimina,
946 526 1060 569 quae
1105 514 1335 568 tamquam
1383 511 1529 555 delata

96 574 298 633 puniret,
330 590 545 634 magnum
580 577 624 619 et
650 575 908 619 inevitabile
938 589 989 619 ac
1015 574 1182 619 totiens
1210 574 1371 632 cuique
1399 589 1527 631 expe-

94 637 300 682 riendum
333 638 522 696 malum,
556 638 764 696 quotiens
799 638 989 695 quisque
1016 638 1184 682 similes
1211 637 1405 694 principi
1439 651 1526 680 ser-

95 700 176 745 'vos
202 700 399 745 haberet.

189 762 242 808 In
274 763 430 808 eodem
467 778 629 823 genere
668 762 926 821 ponendum
967 766 1054 820 est,
1097 763 1218 820 quod
1257 765 1528 807 testamenta
1542 760 1602 809 43

32 838 70 867 1⁰
93 829 252 872 nostra
270 840 427 872 secura
446 829 565 884 sunt,
584 841 667 871 nec
686 841 802 870 unus
825 826 1039 883 omnium,
1054 841 1174 870 nunc
1195 825 1300 884 quia
1320 825 1528 883 scriptus,
1589 871 1593 878 .

93 904 216 935 nunc
248 889 356 948 quia
385 905 479 934 11011
512 890 726 947 scriptus,
757 889 897 933 heres,
962 888 1070 933 Non
1101 891 1151 932 tu
1185 889 1331 946 falsis,
1357 904 1450 932 non
1475 890 1527 932 tu

92 952 262 1011 iniquis
293 953 461 997 tabulis
494 952 736 997 advocaris.
795 950 979 996 Nullius
1007 951 1063 996 ad
1089 955 1134 995 te
1161 951 1404 1009 iracundia,
1428 951 1527 995 nul-

91 1016 182 1061 lius
208 1015 435 1074 impietas,
466 1016 635 1059 nullius
663 1015 789 1059 furor
816 1014 1040 1073 confugit,
1072 1030 1174 1071 nec,
1207 1014 1314 1072 quia
1341 1013 1528 1058 offendit

93 1079 230 1136 alius,
259 1079 535 1136 nuncuparis
543 1113 556 1136 ,
582 1077 659 1122 sed
687 1078 794 1135 quia
820 1077 916 1134 ipse
942 1077 1158 1121 meruisti.
1225 1076 1442 1122 Scriberis
1470 1077 1525 1121 ab
1552 1090 1574 1123 2

30 1152 68 1181 1⁶
93 1141 270 1199 amicis,
302 1141 359 1186 ab
391 1141 560 1200 ignotis
594 1140 868 1198 praeteriris,
906 1140 1021 1184 nihil
1060 1140 1177 1184 inter
1215 1140 1441 1197 privatum
1482 1142 1526 1184 et

92 1204 344 1263 principem
376 1204 581 1261 interest,
613 1203 700 1248 nisi
734 1203 855 1261 quod
887 1218 1008 1247 nunc
1041 1219 1067 1247 a.
1098 1203 1303 1260 pluribus
1345 1203 1526 1259 amaris3

91 1283 198 1312 nam
231 1270 277 1312 et
308 1267 460 1326 plures
494 1282 629 1311 amas.
695 1266 834 1323 Tene,
868 1264 1047 1323 Caesar,
1085 1266 1207 1310 hunc
1247 1282 1446 1323 cursum,
1480 1268 1525 1310 et
1552 1278 1574 1311 3

91 1329 359 1388 probabitur
390 1330 717 1387 experimento,
750 1330 866 1373 sitne
899 1329 1091 1373 feracius
1132 1332 1177 1373 et
1215 1329 1396 1374 uberius
1432 1343 1526 1373 non

92 1393 149 1438 ad
180 1393 360 1438 laudem
393 1393 549 1450 modo,
583 1393 659 1437 sed
693 1392 748 1436 ad
781 1392 1019 1451 pecuniam
1045 1392 1260 1449 principi,
1294 1392 1331 1436 si
1363 1391 1525 1436 herede

29 1467 67 1495 ὀ
93 1456 174 1501 1110
206 1456 413 1500 homines
446 1455 561 1500 mori
594 1456 754 1513 velint,
787 1471 922 1513 quam
956 1455 994 1499 si
1031 1458 1260 1514 cogantur.
1325 1454 1524 1499 Donavit
1549 1465 1573 1499 4

91 1521 220 1578 pater
244 1522 350 1564 tuus
377 1519 540 1576 multa,
566 1519 705 1563 multa
732 1521 776 1563 et
802 1519 898 1576 ipse
926 1518 1114 1562 donasti.
1151 1516 1344 1562 Cesserit
1364 1533 1523 1575 parum

93 1584 266 1642 gratus:
317 1584 502 1626 manent
546 1584 698 1626 tamen
742 1581 813 1638 hi,
859 1581 937 1638 qui
982 1581 1111 1625 bonis
1159 1581 1254 1625 eius
1299 1581 1523 1637 fruantur,

90 1645 295 1703 nihilque
327 1661 383 1689 ex
415 1645 505 1689 illis
539 1645 595 1688 ad
627 1647 672 1689 te
711 1644 799 1688 nisi
839 1644 985 1702 gloria
1015 1644 1143 1688 redit.
1207 1642 1326 1688 Nam
1365 1644 1524 1688 libera-

90 1707 264 1753 litatem
296 1708 607 1753 iucundiorem
642 1707 818 1752 debitor
850 1709 1024 1766 gratus,
1051 1706 1285 1751 clariorem
1319 1707 1522 1766 ingratus

28 1781 66 1810 ²⁶
90 1771 211 1816 facit.
278 1770 366 1816 Sed
399 1771 499 1829 quis
534 1773 637 1815 ante
677 1773 721 1814 te
759 1769 939 1814 laudem
979 1771 1113 1814 istam
1146 1769 1360 1827 pecuniae
1398 1785 1523 1827 prae-

90 1833 228 1879 tulit?
260 1837 427 1892 quotus
462 1834 653 1891 qujsque
686 1832 940 1890 principum
979 1848 1036 1877 ne
1069 1833 1115 1877 id
1150 1832 1331 1890 quidem
1366 1833 1414 1876 in
1446 1848 1523 1889 pa·

90 1897 316 1942 ffimoniis
342 1897 510 1942 nostris
538 1912 669 1940 81111111
699 1895 839 1953 duxit,
860 1896 979 1953 quod
1003 1898 1119 1940 esset
1139 1896 1192 1940 de
1214 1895 1329 1940 suo?
1358 1894 1523 1940 Nonne

89 1963 142 2005 ut
182 1975 340 2020 regum
383 1960 448 2004 ita
494 1958 733 2004 Caesarum
774 1974 961 2003 munera
1005 1958 1147 2003 illitos
1193 1958 1306 2003 cibis
1350 1959 1523 2016 hamos,

191 2087 211 2119 1
240 2083 312 2120 1108
333 2084 414 2121 edd.
437 2084 570 2130 antiq„
593 2083 644 2119 K.
660 2084 692 2119 I.
799 2087 819 2118 2
848 2082 890 2119 in
910 2084 950 2118 te
971 2093 1018 2119 ea
1039 2083 1091 2118 K.
1107 2083 1167 2127 II,
1193 2082 1350 2127 Baehr„
1371 2082 1523 2127 Muell„

90 2134 243 2171 interea
256 2134 328 2180 (K.
340 2135 381 2180 I)
396 2135 454 2171 vel
473 2133 515 2169 in
534 2134 640 2169 terra
660 2133 765 2170 codd
846 2135 891 2169 15
911 2132 1014 2169 nihil
1031 2133 1091 2178 W,
1107 2132 1216 2169 Keili
1229 2133 1280 2177 A,
1300 2109 1523 2179 Βοτηεοριιὲ

84 2196 126 2232 p.
146 2187 222 2222 213
248 2188 285 2221 et
308 2186 396 2230 233,
429 2183 607 2229 nihilque
633 2184 735 2231 ‘vu-ly.
890 2187 934 2219 17
971 2184 1010 2219 et
1038 2182 1142 2232 (tu)
1169 2182 1302 2229 plures
1335 2181 1355 2218 ,9
1383 2182 1520 2219 Muell

90 2238 138 2271 18
164 2233 401 2282 probabitur
420 2235 471 2280 A,
499 2234 671 2280 Guspin„
701 2234 768 2278 K.,
795 2234 946 2278 ssluell„
971 2232 1161 2280 probetur
1181 2233 1285 2269 BB‘
1302 2233 1344 2278 V,
1366 2233 1521 2278 Baehr„

87 2284 265 2332 probiter
287 2284 359 2322 00
373 2285 432 2321 W.
531 2287 575 2319 21
598 2283 724 2320 multa
744 2284 886 2330 duplic.
903 2284 1121 2328 Ernestius,
1142 2283 1297 2326 Baehr„
1320 2283 1456 2319 Muell.
1475 2305 1521 2309 —

89 2335 251 2373 cesserit
276 2346 417 2382 parum
445 2335 582 2382 gratus
609 2334 730 2380 codd,
759 2335 824 2379 K.,
853 2334 999 2370 decess.
1026 2346 1065 2380 p.
1088 2346 1146 2381 gr.
1168 2333 1304 2370 Madv
1328 2333 1411 2379 (sed
1436 2333 1522 2370 vide

93 2387 181 2423 Tac.
209 2387 295 2422 111ᾞεῦ
318 2386 373 2422 ΙΙ
391 2387 451 2431 55,
491 2384 539 2430 cf.
566 2385 755 2430 Wo'lffli‘n.
777 2384 917 2421 Philoz.
946 2385 1103 2421 XXVI
1124 2386 1229 2430 116),
1261 2383 1450 2420 cesserint
1481 2396 1518 2431 p.

88 2435 215 2484 gratis
229 2436 374 2481 Livin„
390 2436 531 2472 Baehr.
534 2434 758 2482 ,ceperitp
771 2436 908 2482 gratus
923 2435 1046 2481 Lips„
1058 2435 1082 2481 †
1096 2434 1185 2471 add
1199 2434 1336 2471 Muell.
1416 2437 1463 2470 22
1476 2434 1520 2470 hi

89 2486 158 2534 qui
183 2485 298 2523 bonis
320 2486 404 2523 eius
426 2483 668 2543 (fruantur)
691 2485 773 2523 Cat
802 2484 1001 2531 (fruuntur
1022 2464 1073 2521 K.
1091 2485 1148 2531 1),
1174 2484 1214 2520 h.
1235 2496 1272 2530 q.
1293 2483 1407 2520 bonis
1435 2484 1518 2521 01118

87 2537 114 2586 †
125 2537 176 2574 K.
186 2537 246 2583 II,
262 2537 413 2582 Muell„
427 2547 552 2583 aeque
566 2535 608 2572 in
622 2534 736 2572 bonis
751 2535 834 2572 eius
847 2536 1024 2573 Momms.
1027 2535 1165 2583 ,digni
1178 2533 1292 2571 bonis
1308 2534 1363 2571 eis
1375 2535 1517 2572 Baehr.

1219 2610 1292 2645 23*
