1716 2742
133 257 153 288 2

139 1118 155 1149 1

135 1368 156 1400 2

183 132 272 177 238
794 128 833 166 C.
860 128 999 165 Pmm

183 245 410 302 colendas,
451 244 688 288 convenire
721 258 814 287 non
846 243 1003 300 possit.
1068 241 1227 300 Itaque
1259 242 1488 287 Minervae
1519 245 1615 287 tan-

183 311 280 352 tum
322 306 603 352 serviendum
644 308 730 362 est,
769 305 957 349 delicate
997 308 1148 350 tamen
1186 308 1237 349 ut
1275 306 1323 351 in
1357 320 1532 350 secessu
1571 308 1616 350 et

184 373 360 415 aestate.
426 369 478 412 In
510 368 583 412 via
615 368 748 426 plane
781 383 873 411 non
905 368 1031 411 nulla
1065 368 1237 412 leviora
1269 368 1511 426 statimque
1545 368 1616 412 de-

183 433 314 476 lenda
353 447 404 476 ea
442 431 725 490 garrulitate,
758 446 848 488 qua
881 445 1108 475 sermones
1142 431 1191 474 in
1222 430 1430 476 vehiculo
1465 446 1615 476 serun-

184 498 279 551 tur,
312 494 503 538 extendi.
558 492 641 538 His
676 493 895 550 quaedam
930 493 1081 536 addidi
1114 493 1161 537 in
1193 493 1322 550 villa,
1355 508 1458 538 cum
1492 493 1615 537 aliud

183 572 275 600 non
306 557 478 600 liberet.
544 555 701 613 ltaque
735 558 944 613 poemata
978 556 1233 613 quiescunt,
1269 571 1383 613 quae
1414 558 1466 600 tu
1498 556 1616 600 inter

183 634 368 662 nemora
401 621 445 662 et
476 619 603 663 lucos
638 618 1000 662 commodissime
1033 618 1190 676 perfici
1215 621 1360 676 putas.
1409 617 1618 662 Oratiun-

185 682 332 726 culam
372 697 527 738 unam,
568 682 754 724 alteram
796 681 1054 738 retractavi3
1089 695 1362 739 quamquam
1395 681 1441 724 id
1475 696 1616 740 genus

185 744 332 802 operis
355 743 614 800 inamabile,
646 744 935 787 inamoenum
969 743 1203 802 magisque
1235 743 1467 788 laboribus
1499 744 1616 788 ruris

185 821 319 864 quam
352 804 662 864 voluptatibus
698 807 853 850 simile.
920 806 1044 850 Vale.

862 935 932 974 XI.

556 1023 598 1058 C.
620 1024 830 1058 PLINIUS
854 1024 1052 1058 GEMINO
1082 1023 1177 1058 SUO
1208 1024 1247 1058 S.

279 1103 535 1164 Epistulam
578 1109 703 1150 tuam
737 1107 1108 1151 iucundissimam
1142 1107 1291 1164 recepi
1324 1121 1376 1150 eo
1411 1106 1619 1164 maxime,

186 1170 304 1227 quod
349 1170 520 1227 aliquid
563 1170 618 1213 ad
660 1172 704 1212 te
748 1169 884 1213 scribi
924 1169 1124 1225 volebas,
1169 1169 1290 1226 quod
1322 1169 1450 1214 libris
1484 1169 1620 1214 inseri

184 1234 347 1289 posset.
389 1231 608 1276 Obveniet
634 1232 834 1288 materia,
859 1232 932 1275 vel
958 1232 1068 1276 haec
1095 1232 1207 1289 ipsa,
1227 1246 1362 1289 quam
1383 1234 1620 1288 monstras,

185 1295 256 1339 vel
283 1295 435 1352 potior
460 1295 558 1338 alia.
607 1293 722 1338 Sunt
749 1295 867 1339 enim
895 1295 942 1337 in
971 1295 1055 1338 hac
1077 1294 1346 1339 offendicula
1363 1309 1456 1339 non
1475 1294 1619 1338 nulla:

186 1357 424 1402 circumfer
469 1358 645 1414 oculos,
692 1360 737 1401 et
781 1359 1027 1402 occurrent.
1082 1356 1363 1415 Bibliopolas
1409 1356 1622 1416 Lugduni

187 1435 280 1465 esse
324 1436 416 1464 non
459 1420 675 1477 putabam
715 1435 766 1464 ac
811 1422 939 1464 tanto
979 1420 1192 1464 libentius
1234 1435 1288 1463 ex
1325 1420 1490 1464 litteris
1530 1419 1620 1464 tuis

187 1483 381 1542 cognovi
407 1483 629 1527 venditari
653 1482 832 1527 libellos
860 1498 998 1540 meos,
1034 1482 1196 1539 quibus
1226 1497 1413 1542 peregre
1443 1497 1621 1526 manere

187 1546 396 1604 gratiam,
438 1561 572 1603 quam
614 1546 661 1589 in
700 1545 810 1589 urbe
850 1546 1133 1604 collegerint,
1173 1545 1380 1589 delector.
1445 1543 1620 1603 Incipio

189 1608 306 1651 enim
348 1608 455 1652 satis
496 1608 753 1652 absolutum
795 1608 1068 1664 existimare,
1108 1608 1161 1652 de
1196 1623 1286 1666 quo
1319 1610 1447 1652 tanta
1480 1607 1622 1652 diver-

189 1671 319 1714 sitate
352 1671 587 1729 regionum
628 1670 819 1714 discreta
850 1671 1085 1714 hominum
1121 1670 1288 1715 iudicia
1321 1671 1620 1715 consentiunt.

189 1732 313 1777 Vale.

862 1812 955 1852 XII.

558 1901 600 1934 O.
621 1901 828 1935 PLINIUS
856 1901 1058 1935 IUNIORI
1087 1901 1183 1935 SUO
1213 1900 1252 1935 S.

287 1980 545 2041 Castigabat
586 1984 767 2039 quidam
808 1984 953 2027 filium
989 1999 1139 2039 suum,
1180 1983 1301 2040 quod
1334 1983 1470 2041 paulo
1506 1998 1621 2027 sum-

191 2045 397 2102 ptuosius
432 2060 569 2102 equos
610 2048 653 2089 et
687 2061 817 2091 canes
852 2049 1027 2090 emeret.
1094 2045 1215 2090 Huic
1247 2061 1331 2105 ego
1366 2046 1525 2090 iuvene
1559 2045 1622 2089 di-

192 2122 364 2166 gresso:
393 2107 536 2151 ‘Heus
563 2110 627 2164 tu,
658 2124 963 2166 numquamne
990 2108 1151 2166 fecisti,
1178 2108 1300 2166 quod
1328 2124 1353 2152 a
1379 2111 1506 2166 patre
1527 2123 1622 2152 cor-

190 2170 278 2227 ripi
305 2169 487 2227 posset?
524 2170 684 2227 fecisti,
711 2171 824 2228 dico,
849 2187 941 2215 non
969 2171 1194 2215 interdum
1214 2171 1338 2228 facis,
1360 2171 1480 2228 quod
1500 2170 1621 2215 filius

190 2234 316 2289 tuus,
349 2232 386 2275 si
419 2235 599 2289 repente
633 2235 760 2290 pater
792 2234 890 2291 ille,
923 2237 973 2278 tu
1006 2234 1146 2291 filius,
1178 2234 1276 2291 pari
1310 2233 1531 2292 gravitate
1557 2249 1622 2277 re-

293 2359 314 2391 6
342 2354 546 2401 quiescent
567 2355 628 2400 M,
656 2358 881 2392 accrescent
909 2357 1087 2394 illomms.
1199 2360 1245 2393 13
1270 2355 1403 2403 recepi
1429 2356 1472 2393 D
1479 2365 1621 2403 pras,

193 2404 328 2452 accepi
356 2406 417 2450 M,
445 2405 511 2450 K.,
536 2405 622 2442 vide
652 2405 793 2453 Gieriq.
822 2407 874 2442 ad
903 2407 937 2443 V
958 2411 1004 2443 11
1033 2409 1130 2454 (12),
1159 2410 1205 2452 1,·
1230 2406 1301 2443 IX
1325 2409 1386 2451 17,
1414 2410 1459 2451 1,·
1483 2408 1549 2448 28,
1577 2410 1622 2451 1;

192 2457 254 2501 35,
283 2459 318 2491 1.
423 2458 468 2491 19
488 2455 601 2491 vend.
625 2454 742 2504 (ibi)
763 2455 830 2492 lib.
855 2457 1033 2494 Momms.
1137 2459 1184 2492 29
1211 2456 1312 2502 dico,
1334 2456 1486 2502 Muell„
1507 2455 1622 2494 dieo?

192 2505 306 2553 vulg„
332 2505 418 2542 vide
443 2505 495 2541 ad
524 2506 609 2542 VII
630 2509 664 2551 6,
686 2510 716 2543 1.

1642 507 1660 534 5

1646 821 1682 848 10

1648 1246 1683 1273 15

1649 1559 1685 1586 2⁰

1648 1910 1685 1938 25

1706 2169 1716 2495 A-fflanan——u—n—an
1709 2082 1716 2160 ..s—.-
1704 2015 1716 2067 .-A-
1712 1987 1716 2002 -
1712 1954 1716 1959 .

1703 2639 1705 2643 Δ
1708 2528 1716 2567 τε.
1714 2510 1716 2516 .
