1716 2742
212 150 304 195 402
829 145 867 183 C.
889 146 1028 183 PL1N1

163 274 183 307 3
211 261 539 321 praescriberis.
604 260 674 305 Tu
707 260 902 306 comitiis
934 262 1102 307 nostris
1129 262 1403 322 praesidere,
1435 266 1487 308 tu
1511 263 1641 310 nobis

212 324 543 370 sanctissimum
591 323 704 368 illud
750 338 929 369 carmen
974 324 1148 382 praeire
1195 325 1405 385 dignatus
1452 342 1519 385 es,
1562 329 1642 372 tuo

212 387 377 432 iudicio
413 388 618 432 consules
652 387 782 444 facti,
823 389 902 431 tua
936 402 1045 432 voce
1085 389 1332 434 renuntiati
1377 405 1531 435 sumus
1539 424 1552 447 ‚
1592 393 1644 435 ut

212 451 330 495 idem
364 450 612 495 honoribus
645 450 814 495 nostris
849 450 1121 510 suffragator
1152 451 1200 496 in
1233 452 1375 510 curia,
1402 451 1451 497 in
1483 467 1642 511 campo

161 526 184 558 4
212 514 462 558 declarator
507 513 733 558 existeres.
800 512 916 571 Iam,
969 514 1090 572 quod
1136 515 1180 558 ei
1222 529 1306 560 nos
1356 515 1644 573 potissimum

210 576 355 621 mensi
400 576 666 628 attribuisti,
713 591 847 634 quem
892 579 998 621 tuus
1040 577 1204 622 natalis
1250 580 1456 635 exornat,
1509 594 1645 637 quam

211 639 451 698 pulchrum
485 639 636 685 nobis!
670 639 833 697 quibus
861 639 1029 698 edicto,
1058 640 1222 698 quibus
1250 641 1507 699 spectaculo
1535 642 1645 687 cele-

215 704 340 748 brare
374 703 607 762 continget
641 702 758 747 diem
792 702 922 746 illum
955 703 1126 761 triplici
1159 704 1324 763 gaudio
1350 704 1534 761 laetum,
1567 705 1646 763 qui

212 765 463 826 principem
491 765 679 811 abstulit
704 765 968 824 pessimum,
996 766 1119 811 dedit
1146 767 1389 825 optimum,
1415 766 1646 812 meliorem

163 842 185 875 5
214 830 387 888 optimo
422 829 588 888 genuit.
654 828 752 873 Nos
792 829 876 873 sub
918 829 1059 874 oculis
1103 829 1194 874 tuis
1237 830 1472 890 augustior
1510 830 1644 876 solito

214 908 370 938 currus
404 892 613 950 accipiet,
652 906 735 936 nos
769 892 887 936 inter
919 892 1114 937 secunda
1154 893 1307 937 omina
1339 895 1385 938 et
1416 895 1523 938 vota
1556 908 1646 939 cer-

213 956 375 1013 tantia,
409 971 523 1014 quae
543 955 770 1013 praesenti
797 954 881 999 tibi
904 955 1210 1014 conferentur,
1243 956 1458 1001 vehemur
1477 957 1646 1002 alacres

214 1021 259 1065 et
291 1018 471 1076 incerti,
505 1034 559 1062 ex
591 1021 693 1062 utra
725 1021 852 1076 parte
886 1018 1032 1063 maior
1064 1018 1246 1064 auribus
1279 1019 1446 1064 nostris
1474 1020 1648 1065 accidat

138 1079 198 1128 93
214 1083 395 1128 clamor.
476 1080 622 1140 Super
668 1081 819 1126 omnia
863 1083 1016 1126 tamen
1061 1081 1412 1140 praedicandum
1456 1082 1647 1141 videtur,

214 1145 335 1204 quod
363 1145 529 1203 pateris
558 1145 764 1189 consules
791 1160 900 1203 esse,
928 1159 1040 1202 quos
1068 1145 1236 1203 fecisti3
1270 1145 1438 1204 quippe
1469 1146 1646 1190 nullum

213 1209 486 1267 periculum,
519 1208 671 1252 nullus
701 1223 755 1252 ex
781 1207 985 1266 principe
1012 1210 1158 1253 metus
1187 1209 1446 1255 consulares
1474 1209 1648 1254 animos

215 1271 420 1316 debilitat
453 1273 497 1315 et
529 1270 716 1331 frangit,
756 1270 873 1315 nihil
905 1271 1059 1316 invitis
1094 1271 1385 1330 audiendum,
1427 1271 1545 1317 nihil
1577 1286 1648 1317 co·

215 1335 326 1380 actis
362 1334 687 1379 decernendum
723 1333 820 1378 erit.
885 1333 1038 1379 Manet
1071 1334 1360 1393 manebitque
1386 1334 1550 1380 honori
1577 1350 1649 1380 ve-

164 1411 185 1444 2
213 1397 388 1443 neratio
417 1413 516 1455 sua,
548 1412 632 1442 nec
659 1397 945 1442 securitatem
972 1398 1241 1443 auctoritate
1267 1398 1516 1456 perdemus.
1568 1396 1649 1456 Ac,

215 1462 254 1506 si
288 1461 396 1520 quid
430 1461 548 1505 forte
583 1476 638 1505 ex
671 1460 932 1506 consulatus
973 1460 1157 1520 fastigio
1191 1461 1328 1506 fuerit
1361 1460 1649 1520 diminutum,

214 1527 371 1570 nostra
395 1523 508 1569 haec
535 1523 619 1568 erit
645 1524 799 1582 culpa,
830 1539 923 1568 non
951 1524 1131 1569 saeculi.
1183 1523 1311 1570 Licet
1338 1524 1476 1583 enim,
1510 1539 1650 1583 quan-

215 1591 314 1633 tum
349 1587 403 1632 ad
437 1586 706 1646 principem,
751 1587 859 1631 licet
897 1587 1009 1632 tales
1049 1587 1256 1632 consules
1301 1602 1454 1647 agere,
1495 1587 1649 1646 quales

166 1664 187 1697 3
217 1654 319 1696 ante
341 1650 568 1709 principes
596 1652 733 1695 erant.
792 1649 1004 1695 Ullamne
1024 1650 1110 1695 tibi
1130 1666 1213 1709 pro
1235 1650 1465 1696 beneficiis
1485 1650 1650 1695 referre

216 1714 410 1775 gratiam
437 1729 591 1772 parem
620 1713 893 1772 possumus?>
925 1712 1014 1758 nisi
1040 1716 1193 1758 tamen
1218 1713 1365 1768 illam,
1396 1716 1448 1758 ut
1474 1718 1652 1773 semper

215 1793 299 1823 nos
333 1776 669 1821 meminerimus
704 1777 911 1821 consules
945 1776 1083 1822 fuisse
1117 1779 1161 1821 et
1195 1777 1401 1822 consules
1435 1779 1559 1836 tu05,
1599 1792 1651 1822 ea

217 1841 483 1897 sentiamus,
515 1856 567 1884 ea
599 1855 881 1898 censeamus,
907 1855 1021 1898 quae
1043 1839 1354 1885 consularibus
1376 1839 1513 1900 dig-na
1533 1842 1652 1898 sunt,

216 1904 282 1949 ita
313 1918 543 1948 versemur
574 1903 622 1947 in
654 1919 701 1948 re
729 1903 929 1961 publica,
963 1905 1015 1947 ut
1048 1903 1281 1948 credamus
1315 1917 1412 1948 esse
1443 1918 1539 1947 rem
1571 1918 1651 1961 pu-

216 1967 400 2023 blicam,
433 1981 527 2011 non
560 1965 800 2011 consilium
832 1968 1057 2024 nostrum,
1091 1982 1184 2011 non
1211 1981 1393 2025 operam
1421 1965 1652 2011 subtraha-

218 2046 318 2076 mus
344 2045 428 2075 nec
454 2029 690 2075 defunctos
717 2045 800 2075 nos
828 2032 873 2074 et
894 2030 1024 2087 quasi
1044 2029 1253 2075 dimissos
1281 2029 1541 2088 consulatu,
1574 2029 1651 2074 sed

220 2094 349 2152 quasi
375 2093 613 2138 adstrictos
642 2095 686 2137 et
713 2093 945 2138 devinctos
967 2095 1177 2151 putemus
1199 2092 1480 2151 eundemque
1499 2092 1651 2137 locum

217 2156 386 2203 laboris
408 2158 453 2201 et
472 2171 604 2201 curae
626 2171 759 2214 quem
779 2156 1053 2200 reverentiae
1068 2155 1394 2215 dignitatisque
1407 2158 1650 2200 teneamus.

144 2218 204 2268 94
313 2219 366 2265 In
390 2220 479 2264 fine
505 2219 720 2264 orationis
745 2219 972 2278 praesides
1001 2219 1299 2276 custodesque
1321 2217 1500 2277 imperii
1523 2217 1651 2263 divos

220 2299 303 2343 ego
338 2282 498 2328 consul
531 2298 613 2341 pro
647 2282 780 2327 rebus
814 2282 1024 2327 humanis
1059 2298 1110 2327 ac
1143 2285 1187 2326 te
1220 2281 1480 2340 praecipue,
1524 2279 1652 2340 Capi-

321 2399 342 2432 5
377 2395 458 2432 13111
486 2395 538 2432 K.
557 2396 631 2441 11,
650 2395 807 2441 Baehr„
840 2405 934 2431 nam
960 2395 1060 2442 ναῖς).
1097 2415 1143 2422 -
1178 2393 1215 2431 ei
1248 2405 1318 2430 nos
1350 2392 1552 2439 Schwartz„
1587 2392 1652 2439 K.‚

221 2446 377 2492 Baehr„
400 2445 550 2491 Muell„
578 2456 644 2483 eos
671 2445 778 2483 codd.
883 2448 929 2481 29
959 2443 1165 2481 defunctos
1193 2443 1314 2490 codd„
1343 2442 1651 2489 K.11,Baehr.,

223 2497 373 2542 Muell„
402 2475 607 2533 deiunc’tos
628 2496 795 2541 Duebn„
816 2495 869 2533 K
884 2496 919 2532 Ι.
1023 2498 1070 2531 32
1098 2494 1181 2542 imp
1185 2494 1242 2531 eri
1262 2494 1486 2541 Bormcque
1507 2505 1548 2541 p.
1562 2495 1650 2532 226.

223 2569 270 2573 -
298 2547 406 2583 divos
433 2547 505 2594 (vel
532 2546 653 2594 dives)
681 2546 802 2593 codd„
830 2546 986 2592 Baehr„
1015 2545 1166 2591 Μαεῑῑ.,
1197 2545 1289 2581 deos
1316 2543 1432 2592 moly„
1459 2544 1512 2582 K.

1673 847 1710 875 10

1675 1161 1710 1190 1⁵

1675 1476 1714 1504 20
