1630 2678
503 169 860 207 Ems'rnLARUM
886 170 903 206 1
930 169 1063 206 22-11
1091 174 1122 206 1.
1459 172 1518 216 29

744 286 890 326 XXIV.

362 361 406 396 C.
426 362 629 396 PLINIUS
655 361 838 395 BAEBIO
866 361 1085 394 HISPANO
1113 361 1208 394 SUO
1236 361 1274 394 S.

197 430 501 488 Tranquillus,
520 429 848 474 contubernalis
869 444 1010 484 meus,
1030 429 1129 472 vult
1153 444 1294 472 emere
1315 429 1521 487 agellum,
1548 438 1567 469 1

119 507 252 551 quem
301 492 528 536 venditare
572 491 739 535 amicus
789 495 893 534 tuus
944 491 1116 534 dicitur.
1193 489 1322 548 Rogo
1383 505 1519 546 cures,
1547 498 1568 529 2

76 566 95 596 s
119 553 275 610 quanti
305 567 494 610 aequum
534 557 621 609 est,
651 555 787 608 emat3
828 552 891 595 ita
928 552 1045 594 enim
1085 551 1321 595 delectabit
1352 552 1521 594 emisse.

117 613 235 660 Nam
267 614 385 658 mala
409 614 576 671 emptio
603 628 776 670 semper
795 613 970 670 ingrata
995 616 1063 656 est
1088 628 1140 656 eo
1168 613 1374 669 maxime,
1403 612 1521 668 quod

119 675 384 733 exprobrare
425 674 657 718 stultitiam
697 674 877 717 domino
915 674 1099 717 videtur.
1163 673 1216 717 In
1253 674 1339 718 hoc
1376 677 1522 717 autem
1549 683 1570 715 3

121 737 284 796 agello,
316 736 356 780 si
385 735 518 780 modo
550 735 753 779 adriserit
789 735 998 792 pretium,
1031 735 1278 792 Tranquilli
1312 735 1398 778 mei
1435 737 1523 778 sto-

120 797 327 842 machum
357 797 498 841 multa
528 797 788 853 sollicitant,
812 796 1015 840 vicinitas
1041 796 1181 850 urbis,
1215 797 1522 854 opportunitas

60 872 99 900 ιο
122 858 238 915 viae,
268 858 547 904 mediocritas
566 858 716 914 villae,
751 858 907 902 modus
932 858 1065 915 ruris,
1099 858 1175 914 qui
1201 861 1356 901 avocet
1381 858 1523 915 magis

122 935 255 978 quam
293 919 541 978 distringat.
611 918 895 963 Scholasticis
936 934 1070 976 porro
1110 920 1319 975 dominis,
1363 922 1413 962 ut
1449 919 1524 962 hic
1548 930 1572 962 4

123 983 204 1038 est,
233 980 400 1025 sufficit
430 981 603 1024 abunde
629 983 801 1024 tantum
834 981 930 1032 soli,
956 985 1007 1024 ut
1038 981 1231 1024 relevare
1270 983 1420 1037 caput,
1459 995 1524 1023 re·

123 1042 255 1087 ficere
291 1042 464 1098 oculos,
505 1046 680 1099 reptare
717 1057 796 1099 per
832 1042 1020 1086 limitem
1068 1057 1288 1099 unamque
1321 1042 1524 1085 semitam

122 1107 265 1148 terere
295 1103 527 1160 omnisque
559 1103 763 1147 viticulas
803 1118 904 1147 suas
936 1118 1066 1146 nosse
1107 1106 1152 1147 et
1190 1118 1421 1146 numerare
1459 1118 1524 1146 ar-

63 1176 100 1205 15
123 1164 329 1210 buculas
355 1164 540 1222 possint.
591 1164 713 1208 Haec
737 1165 822 1208 tibi
848 1165 1052 1221 exposui,
1086 1179 1173 1221 quo
1207 1165 1348 1222 magis
1378 1165 1524 1219 scires,

125 1229 340 1283 quantum
371 1229 486 1269 esset
517 1226 592 1269 ille
625 1226 756 1282 mihi,
798 1241 881 1284 ego
920 1226 1003 1270 tibi
1042 1226 1288 1282 debiturus,
1328 1226 1365 1269 si
1403 1241 1525 1282 prae-

124 1287 291 1331 diolum
336 1286 476 1343 istud,
522 1287 640 1344 quod
685 1287 1018 1331 commendatur
1062 1287 1132 1330 his
1182 1287 1379 1342 dotibus,
1433 1290 1525 1330 tam

124 1347 360 1454 efflbrster
391 1349 565 1404 emerit,
597 1353 647 1392 ut
678 1348 972 1405 paenitentiae
1003 1349 1150 1392 locum
1177 1363 1268 1391 non
1292 1349 1524 1405 relinquat.

214 1424 250 1453 e.

64 1641 102 1669 ,ο
383 1613 432 1663 C.
465 1613 647 1662 PLINI
687 1613 945 1662 CAECILI
985 1613 1270 1663 SECUNDI

340 1722 1311 1791 EPISTULARUM

556 1848 736 1892 LIBER
768 1848 1096 1895 SECUNDUS.

815 2037 845 2076 1.

483 2109 524 2142 C.
546 2110 746 2145 PLINIUS
774 2112 980 2145 ROMANO
1009 2113 1103 2146 SUO
1133 2113 1169 2146 S.

215 2176 323 2222 Post
354 2178 524 2234 aliquot
555 2194 693 2223 annos
720 2179 893 2238 insigne
925 2184 1057 2237 atque
1084 2181 1215 2224 etiam
1244 2179 1527 2224 memorabile
1555 2188 1574 2219 1

129 2238 286 2296 populi
318 2237 508 2283 Romani
541 2240 680 2284 oculis
721 2241 1020 2297 spectaculum
1061 2241 1262 2285 exhibuit
1300 2242 1526 2298 publicum

129 2297 262 2344 funus
293 2297 478 2358 Vergini
511 2300 633 2356 Rufi,
664 2302 844 2345 maximi
876 2306 921 2346 et
952 2303 1185 2346 clarissimi
1218 2303 1325 2346 civis
1358 2306 1402 2346 et
1434 2318 1528 2359 per-

228 2411 250 2444 6
289 2409 348 2444 est
387 2409 424 2446 R
444 2409 526 2454 Fp
546 2421 565 2444 r
586 2421 628 2452 (ι,
682 2410 777 2454 Otto,
815 2410 962 2454 Μαρια,
994 2423 1063 2447 om.
1094 2411 1239 2455 MVs,
1286 2411 1350 2455 K„
1382 2411 1526 2457 Stanyl.

132 2457 179 2493 10
216 2458 319 2494 emet
355 2456 422 2492 ille
463 2458 567 2502 MV,
607 2459 671 2502 K,
704 2457 769 2494 ille
808 2461 908 2495 esset
947 2459 1163 2506 Rb'pra,
1203 2460 1353 2507 Stanql,
1394 2460 1527 2496 Muell.

132 2506 179 2541 2⁷
197 2502 312 2552 Vei-g.
332 2505 369 2543 R
384 2506 426 2542 F
434 2506 531 2553 Dp,
558 2505 663 2554 Virg.
692 2507 771 2545 rell.
801 2529 842 2534 —
872 2508 1029 2545 alterum
1057 2510 1096 2544 et
1123 2509 1160 2546 R
1174 2509 1339 2555 Fpra,
1364 2519 1433 2545 om.
1448 2510 1528 2546 rell.
