1716 2742
21 832 60 860 10

24 1146 61 1174 15

468 135 827 174 PANEGYRICUS
856 139 915 182 31,
929 146 947 173 6
962 158 1008 163 -—
1025 139 1083 180 34,
1099 146 1126 171 2.
1419 137 1508 182 347

84 267 180 299 esse
212 251 476 298 solvendum
508 251 806 309 fallacemque
837 250 971 295 unius
1006 250 1112 295 anni
1137 250 1273 295 fidem
1301 249 1510 295 omnibus

83 315 212 361 annis
254 314 552 372 omnibusque
593 317 751 372 postea
790 314 979 359 saeculis
1026 316 1153 358 tanto
1196 313 1362 373 magis,
1405 313 1512 371 quia

83 393 178 424 non
210 377 451 437 exigimus,
484 380 677 421 excuset.

178 439 298 486 Satis
330 439 501 484 factum
536 455 624 497 qua
657 439 823 484 civium
858 455 947 498 qua
973 439 1197 484 sociorum
1224 438 1509 484 utilitatibus.
1524 435 1586 484 33

84 503 246 549 Visum
278 505 348 548 est
386 502 692 561 spectaculum
733 502 835 546 inde
873 518 966 546 non
1006 518 1166 547 enerve
1204 517 1287 547 nec
1324 502 1511 560 fluxum,

82 581 167 612 nec
205 565 327 625 quod
365 565 538 610 animos
580 565 780 609 virorum
823 565 1021 609 molliret
1062 568 1107 610 et
1147 565 1393 625 frangeret,
1435 564 1511 609 sed

84 629 207 688 quod
232 628 288 673 ad
313 628 504 686 pulchra
530 628 716 672 vulnera
749 631 1148 686 contemptumque
1174 629 1333 672 mortis
1360 642 1513 673 accen-

84 688 226 750 deret,
258 706 362 736 cum
388 691 437 735 111
462 705 694 735 servorum
730 691 865 735 etiam
891 691 1220 749 noxiorumque
1247 691 1511 750 corporibus

85 770 212 800 amor
228 754 376 799 laudis
396 756 442 798 et
461 753 626 812 cupido
646 753 859 798 victoriae
880 757 1146 798 cerneretur.
1187 753 1332 807 Quam
1353 754 1512 798 deinde
1539 763 1561 796 2

84 818 134 863 in
165 817 337 862 edendo
368 817 704 874 liberalitatem,
739 831 873 874 quam
901 816 1119 861 iustitiam
1151 816 1357 861 exhibuit
1389 816 1513 861 omni

83 879 336 926 adfectione
381 883 459 924 aut
503 879 699 924 intactus
745 882 824 923 aut
868 879 1027 924 maior!
1091 878 1386 938 Impetratum
1433 882 1513 935 est,

84 943 207 1002 quod
248 942 583 1002 postulabatur,
625 942 845 1000 oblatum,
890 942 1010 999 quod
1052 958 1145 987 non
1186 943 1511 1000 postulabatur.

85 1005 259 1052 Institit
289 1006 411 1050 ultro
438 1008 503 1063 et,
534 1008 586 1049 ut
613 1005 1051 1063 concupisceremus,
1083 1005 1337 1063 admonuit,
1370 1021 1422 1050 ac
1448 1006 1513 1051 sic

86 1083 266 1128 quoque
292 1069 424 1127 plura
449 1068 701 1126 inopinata,
727 1069 858 1126 plura
885 1068 1045 1112 subita.
1088 1067 1184 1112 Iam
1213 1084 1347 1126 quam
1372 1068 1515 1113 libera
1541 1078 1563 1112 3

87 1132 388 1191 spectantium
421 1131 590 1189 studia,
623 1146 757 1189 quam
793 1145 974 1176 securus
1008 1131 1153 1175 favor!
1218 1131 1401 1176 Nemini
1432 1131 1514 1175 im-

86 1194 253 1254 pietas,
292 1197 346 1239 ut
377 1194 568 1252 solebat,
609 1194 804 1251 obiecta,
844 1194 964 1251 quod
998 1194 1166 1239 odisset
1205 1194 1514 1253 gladiatorem,

0 1295 3 1299 ,
84 1273 218 1303 1101110
239 1272 264 1302 0
284 1260 536 1316 spectatore
556 1258 863 1315 spectaculum
884 1256 1030 1301 factus
1052 1257 1236 1301 miseras
1258 1257 1513 1315 voluptates

85 1335 204 1366 unco
230 1322 275 1365 et
300 1320 483 1380 ignibus
514 1320 723 1378 expiavit.
789 1319 983 1364 Demens
1010 1320 1087 1364 ille
1114 1320 1296 1378 verique
1329 1320 1514 1364 honoris
1540 1330 1564 1362 4

85 1383 289 1444 ignarus,
316 1383 395 1442 qui
421 1383 609 1428 crimina
635 1383 882 1427 maiestatis
915 1383 963 1426 in
994 1383 1162 1427 harena
1194 1383 1438 1442 colligebat
1463 1398 1515 1427 ac

86 1461 135 1491 se
166 1446 337 1505 despici
369 1448 415 1490 et
446 1446 695 1504 contemni,
728 1446 816 1490 nisi
849 1445 983 1490 etiam
1011 1445 1282 1505 gladiatores
1316 1446 1411 1490 eius
1443 1461 1516 1490 ve-

86 1525 365 1566 neraremur,
402 1509 489 1554 sibi
527 1509 643 1554 male
683 1508 770 1553 dici
810 1509 857 1552 in
896 1508 1008 1566 illis,
1054 1524 1179 1553 suam
1220 1508 1516 1565 divinitatem,

86 1587 219 1617 suum
250 1586 420 1616 numen
450 1571 611 1616 violari
644 1571 1040 1629 interpretabatur,
1080 1585 1272 1629 cumque
1312 1587 1358 1616 se
1396 1571 1515 1616 idem

88 1635 210 1694 quod
242 1635 369 1693 deos,
401 1634 520 1679 idem
553 1634 823 1694 gladiatores
858 1634 978 1692 quod
1012 1649 1059 1678 00
1091 1634 1294 1692 putabat.
1358 1632 1421 1678 At
1452 1637 1517 1692 tu,
1529 1629 1591 1679 34

87 1697 269 1756 Caesar,
301 1713 437 1756 quam
462 1698 703 1755 pulchrum
731 1697 1037 1755 spectaculum
1063 1712 1146 1755 pro
1167 1697 1247 1742 illo
1266 1697 1398 1741 nobis
1419 1712 1517 1741 exe-

87 1760 246 1806 crabili
287 1760 539 1805 reddidisti!
603 1760 812 1805 Vidimus
853 1759 1103 1804 delatorum
1138 1759 1355 1804 iudicium
1389 1759 1517 1817 quasi

86 1826 412 1884 grassatorum,
447 1823 575 1881 quasi
594 1824 833 1868 latronum.
867 1822 974 1867 Non
995 1822 1284 1867 solitudinem
1305 1822 1391 1880 illi,
1424 1838 1518 1867 non

86 1887 190 1945 iter,
223 1886 301 1932 sed
325 1887 567 1945 templum,
600 1886 678 1930 sed
704 1886 853 1930 forum
880 1885 1154 1943 insederant3
1186 1886 1312 1930 nulla
1338 1885 1429 1930 iam
1454 1888 1517 1930 te-

2 1965 7 1970 ·
87 1951 310 1995 stamenta
335 1964 510 2007 secura,
542 1950 693 1993 nullus
722 1951 864 1993 status
893 1951 1059 2007 certus3
1084 1964 1178 1992 non
1204 1948 1394 2006 orbitas,
1424 1963 1519 1993 non

86 2012 220 2058 liberi
233 2011 488 2071 proderant.
523 2011 725 2056 Auxerat
744 2012 831 2056 hoc
846 2012 1013 2055 malum
1028 2011 1294 2069 participum
1309 2011 1498 2056 avaritia
1506 2027 1527 2072 ε.
1544 2022 1566 2055 2

89 2075 322 2120 advertisti
348 2075 503 2120 oculos
534 2077 667 2133 atque
694 2077 747 2118 ut
772 2076 875 2119 ante
903 2074 1060 2119 castris
1087 2074 1151 2118 ita
1177 2077 1334 2132 postea
1360 2089 1517 2132 pacem

88 2138 189 2183 foro
221 2137 475 2196 reddidisti3
515 2137 720 2182 excidisti
753 2137 1017 2181 intestinum
1051 2137 1220 2181 malum
1253 2139 1299 2182 et
1330 2137 1519 2196 provida

89 2201 326 2247 severitate
359 2201 536 2258 cavisti,
568 2216 625 2244 ne
657 2200 845 2244 fundata
876 2200 1053 2260 legibus
1081 2199 1240 2245 civitas
1273 2215 1426 2245 eversa
1457 2201 1518 2245 le—

189 2327 238 2361 28
270 2323 417 2361 nullius
445 2324 573 2371 Oasp„
606 2324 748 2360 Baehr.
915 2323 988 2360 29⁸
1020 2323 1166 2371 partim
1192 2324 1252 2361 vel
1276 2325 1435 2371 partum
1460 2324 1519 2362 vel

89 2385 253 2422 parcum
279 2375 400 2420 codd„
433 2374 660 2421 principum
686 2374 801 2422 vulg„
835 2374 887 2411 K.
904 2375 939 2420 1,
974 2375 1155 2411 lacunam
1187 2374 1364 2411 indicant
1390 2374 1519 2421 KH,

90 2425 247 2471 Baehr„
262 2425 415 2470 Muell„
429 2422 735 2474 parti<cipu>m
757 2425 800 2470 (i.
817 2435 846 2461 e.
860 2423 1098 2472 principum,
1120 2435 1213 2472 quos
1230 2424 1293 2461 hic
1306 2425 1521 2473 perstringi

88 2475 175 2513 iure
192 2475 493 2522 suspicabantur
512 2474 674 2512 editores
692 2475 857 2521 antiqui,
880 2486 913 2512 v.
928 2474 1039 2520 infra
1058 2485 1140 2522 cap.
1162 2477 1235 2520 435
1254 2474 1355 2512 Suet.
1371 2474 1517 2512 Domit.

90 2536 120 2562 c.
141 2527 210 2571 12)
236 2535 314 2573 eqo,
341 2525 388 2571 cf.
410 2535 494 2571 cap.
516 2527 578 2570 50,
598 2527 634 2561 1.
