1716 2742
34 855 71 881 10

493 152 861 191 EPISTULARUM
889 152 962 190 VII
992 158 1152 191 11—14.
1458 157 1547 203 187

99 269 247 316 dendi.
312 269 472 327 εξ[’μ,.*εῖς
498 270 588 328 γὰρ
616 270 663 315 οἱ
688 270 872 328 εὕζηλοι
907 270 1082 328 optima
1114 285 1320 329 quaeque
1354 270 1549 315 detrahi-

97 333 171 379 tis.
222 332 357 388 Quod
383 333 423 378 si
449 333 628 390 feceris,
659 333 770 378 boni
803 334 1051 379 consulam.
1118 333 1284 378 Postea
1309 334 1430 379 enim
1457 335 1548 379 illis
1576 347 1598 380 3

99 412 156 442 ex
188 397 344 455 aliqua
383 396 622 442 occasione
660 399 714 441 ut
751 398 865 442 meis
907 399 1013 441 utar
1052 400 1098 441 et
1137 397 1357 442 beneficio
1391 397 1549 442 fastidi

96 460 167 506 tui
205 460 304 519 ipse
344 459 584 518 laudabor,
623 463 675 505 tu
714 476 836 518 meo,
877 460 998 518 quod
1039 460 1306 505 adnotatum
1346 461 1548 506 invenies

97 526 145 569 et
176 523 485 582 superscripto
520 523 653 568 aliter
685 524 964 582 explicitum.
1030 523 1171 581 Nam,
1211 539 1313 569 eum
1349 525 1548 583 suspica·
1575 536 1598 568 4

94 602 170 632 rer
207 587 415 632 futurum
456 589 508 632 ut
545 586 631 632 tibi
670 587 889 632 tumidius
929 587 1179 644 videretur,
1222 588 1438 645 quoniam
1480 591 1549 633 est

97 651 334 696 sonantius
362 654 409 695 et
435 651 618 708 elatius,
644 666 739 695 non
765 651 964 696 alienum
993 651 1269 708 existimavi,
1301 667 1357 695 ne
1384 654 1430 696 te
1457 655 1548 696 tor·
1612 674 1614 676 ·

98 729 280 772 queres,
322 713 485 759 addere
519 714 673 759 statim
715 714 915 772 pressius
951 714 1166 772 quiddam
1200 716 1246 758 et
1278 715 1441 760 exilius
1475 715 1548 760 vel

97 777 251 836 potius
267 773 497 822 ‘humilius
532 780 578 822 et
610 777 756 836 peius,
777 780 942 835 *vestro
976 781 1130 823 tamen
1163 777 1332 822 iudicio
1366 779 1547 823 rectius.

98 839 189 885 Cur
231 839 352 886 enim
391 856 486 886 non
524 856 854 899 usquequaque
891 842 1160 886 tenuitatem
1202 843 1398 886 vestram
1430 842 1547 886 inse-
1574 852 1597 885 5

98 919 212 962 quar
237 906 284 949 et
302 904 561 963 exagitem?
597 903 733 961 Haec,
758 907 810 949 ut
837 905 957 949 inter
982 905 1093 949 istas
1122 904 1444 963 occupationes
1466 905 1546 949 ali-

97 967 207 1026 quid
226 966 472 1026 aliquando
493 967 684 1026 rideres;
706 967 820 1013 illud
842 967 979 1028 serio:
999 968 1114 1025 vide,
1135 971 1186 1012 ut
1201 968 1314 1012 mihi
1327 969 1546 1014 viaticum

59 1081 62 1084 ⁴
94 1030 277 1089 reddas,
312 1031 435 1090 quod
462 1031 666 1090 impendi
700 1031 806 1076 data
833 1047 972 1090 opera
1005 1046 1187 1076 cursore
1216 1030 1415 1076 dimisso.
1474 1031 1547 1077 Ne
1574 1043 1596 1075 6

33 1170 69 1198 15

28 1506 66 1534 20

94 1097 159 1152 tu,
180 1108 284 1140 cum
305 1094 394 1139 hoc
412 1094 593 1154 legeris,
612 1109 707 1139 non
726 1098 878 1152 partes
898 1094 1056 1151 libelli,
1072 1094 1151 1139 sed
1171 1097 1321 1139 totum
1335 1094 1543 1140 libellum

85 1157 378 1216 ‚improbabis
407 1157 688 1218 negabisque
718 1159 857 1203 ullius
885 1158 1019 1217 pretii
1049 1174 1157 1216 esse,
1194 1158 1322 1203 cuius
1350 1159 1545 1216 pretium

93 1220 358 1279 reposceris.
411 1221 537 1266 Vale.

760 1289 875 1329 Xffl.

468 1365 511 1400 C.
533 1366 742 1401 PLINIUS
770 1366 961 1401 FEROCI
991 1366 1088 1400 SUO
1119 1369 1157 1400 ὃ.

187 1429 360 1474 Eadem
397 1430 595 1488 epistula
627 1433 673 1474 et
704 1446 799 1475 non
826 1430 1007 1474 studere
1040 1433 1086 1474 te
1120 1433 1165 1474 et
1199 1430 1378 1475 studere
1406 1431 1545 1490 signi·
1575 1444 1592 1474 1

92 1492 211 1538 ficat.
278 1492 554 1553 Aenigmata
579 1494 756 1551 loquor.
816 1493 887 1538 Ita
913 1494 1066 1552 plane,
1101 1493 1244 1538 donee
1271 1493 1545 1551 distinctius,

92 1556 216 1614 quod
243 1557 410 1615 sentio,
444 1558 689 1602 enuntiem.
736 1556 889 1616 Negat
916 1557 1036 1601 enim
1058 1560 1104 1601 te
1132 1556 1330 1614 studere,
1365 1557 1443 1602 sed
1472 1560 1540 1602 est
1568 1568 1589 1601 2

91 1622 185 1665 tam
212 1620 377 1680 polita,
406 1636 543 1678 quam
570 1620 659 1665 nisi
688 1636 714 1664 a
742 1620 952 1664 studente
978 1635 1073 1664 non
1100 1622 1253 1678 potest
1281 1620 1437 1665 scribi:
1465 1624 1545 1665 aut

15 1734 18 1736 ,
92 1698 139 1727 es
158 1685 212 1727 tu
232 1698 369 1742 super
390 1697 547 1728 omnes
574 1683 748 1740 beatus,
777 1684 815 1727 si
836 1683 947 1727 talia
973 1698 1055 1741 per
1082 1683 1302 1728 desidiam
1331 1686 1377 1727 et
1398 1684 1543 1728 otium

91 1746 284 1804 perficis.
341 1745 467 1791 Vale.

754 1813 871 1853 XIV.
924 1824 961 1851 ν
1007 1823 1066 1863 >gu-o
1089 1824 1150 1850 -n

403 1891 446 1925 C.
468 1891 677 1924 PLINIUS
706 1890 999 1925 COR-ELLIAE
1029 1890 1086 1924 SI)
1079 1891 1161 1924 ΑΕ
1191 1891 1229 1925 S.

184 1953 254 1998 Tu
279 1955 462 2013 quidem
486 1948 828 2012 honestissime,
849 1954 972 2012 quod
991 1957 1086 1999 tam
1111 1955 1316 2014 impense
1341 1958 1385 2000 et
1407 1972 1541 2016 rogas
1572 1968 1591 2000 1

89 2020 135 2062 et
168 2017 332 2077 exigis,
365 2020 417 2062 ut
450 2018 596 2076 accipi
629 2017 808 2062 iubeam
845 2034 871 2062 a
904 2021 949 2063 te
976 2018 1173 2076 pretium
1208 2034 1421 2079 agrorum
1450 2035 1543 2064 non

193 2122 211 2153 1
241 2118 352 2165 ὑμεῖς
376 2116 454 2165 γὰρ
484 2116 573 2165 (γὰρ
601 2128 672 2154 om.
695 2119 735 2163 α)
764 2116 802 2153 οἱ
830 2116 982 2164 εῧζηλοι
1008 2118 1141 2163 Βςα,
1176 2119 1375 2164 Beroald.,
1403 2120 1540 2165 Pomp.

80 2164 215 2214 'Laet.,
250 2168 361 2214 ὑμεῖς
394 2167 469 2215 γὰρ
505 2167 567 2204 ἀεὶ
602 2166 732 2215 ἴσχνοι
759 2168 810 2214 Β,
846 2168 985 2206 Catan.
1008 2169 1043 2214 Ι,
1077 2170 1188 2216 ὑμεῖς
1221 2168 1296 2216 γὰρ
1331 2167 1543 2216 κακόζηλοι

91 2218 232 2256 eatan.
261 2219 316 2264 Π,
351 2230 423 2256 om.
447 2219 501 2256 M
503 2230 545 2265 p,
573 2218 621 2263 cf.
640 2218 767 2256 Wilde
786 2231 830 2266 p.
853 2221 929 2256 116
953 2231 1031 2267 sqq.
1168 2223 1190 2255 4
1218 2221 1265 2256 ut
1290 2220 1332 2256 in
1360 2231 1406 2257 eo
1435 2220 1542 2267 quod

91 2271 263 2316 (quoque
285 2269 327 2306 D
333 2271 378 2316 p)
409 2268 646 2306 adnotatum
666 2268 844 2306 invenies
867 2270 921 2307 M
927 2270 970 2306 D
974 2282 1006 2317 p
1018 2282 1054 2315 a,
1082 2272 1128 2306 ut
1154 2270 1196 2306 in
1224 2281 1269 2306 eo
1291 2270 1398 2317 quod
1420 2281 1542 2307 anno-

89 2319 256 2356 tandum
297 2321 534 2356 annotatum
575 2331 733 2366 quoque
776 2320 953 2357 invenies
993 2333 1066 2366 rs,
1113 2320 1425 2368 unumquodque
1471 2321 1542 2358 ad-

89 2371 272 2407 notatum
310 2371 487 2408 invenies
528 2370 711 2416 Gronov„
747 2372 793 2406 tu
826 2382 926 2417 meo,
961 2371 1068 2418 quod
1106 2371 1240 2408 adnot.
1273 2371 1351 2409 inv.
1386 2372 1540 2410 Barth..

66 2421 74 2430 ¹
89 2420 259 2468 utique‘
248 2433 291 2457 m
313 2433 359 2458 eo
380 2421 487 2468 quod
509 2420 643 2458 adnot.
665 2419 743 2458 inv.
765 2420 786 2457 ,9
808 2421 860 2458 K.
890 2421 957 2468 (cf.
982 2422 1058 2458 V
1036 2435 1069 2467 s,
1089 2424 1146 2469 2),
1173 2422 1198 2470 γ’·
1219 2421 1377 2459 addidit
1399 2423 1539 2460 Muell.

90 2474 112 2506 5
133 2482 327 2519 suprascr.
345 2471 463 2509 aliter
485 2483 559 2519 exp
562 2471 587 2508 1.
602 2471 724 2517 codd„
752 2472 805 2508 K.
827 2473 863 2518 Ι,
886 2472 1024 2509 Muell.
1049 2475 1184 2520 (supra
1205 2472 1382 2520 scripto),
1404 2485 1541 2521 supra-

90 2522 237 2569 scripto
271 2522 352 2560 alio
388 2525 495 2560 recte
530 2533 606 2570 exp
607 2521 632 2558 1.
661 2522 815 2567 Barth„
850 2522 1118 2570 superscripto
1157 2522 1237 2560 alio
1277 2523 1379 2571 expl.
1410 2525 1462 2561 K.
1484 2526 1539 2570 ΙΙ,

90 2572 138 2617 cf.
161 2572 263 2610 Suet.
286 2574 380 2611 Ner.
402 2576 463 2619 52,
493 2535 606 2611 Gellp
616 2572 704 2609 XX
722 2574 757 2618 6,
781 2576 840 2610 14.
