1630 2678
165 161 223 205 84
753 152 790 189 C.
818 151 952 188 PLINI

162 284 257 313 rum
298 267 454 311 minuit
497 265 549 309 ad
594 268 785 322 tempus,
826 264 938 306 vires
983 262 1029 306 in
1067 264 1294 319 posterum
1333 261 1551 321 exhausit,

114 342 135 375 7
162 344 343 386 quarum
370 328 609 371 defectione
635 340 783 369 rursus
809 324 978 380 reliqua
1004 325 1244 367 creverunt.
1297 322 1412 368 Sunt
1442 339 1548 384 ergo

162 388 401 434 instruendi
431 403 481 431 eo
514 388 672 444 plures,
705 385 822 442 quod
848 385 1024 442 frigent,
1048 383 1299 442 mancipiis3
1337 399 1442 430 nam
1467 401 1550 431 nec

162 452 253 508 ipse
284 464 464 505 usquam
490 448 660 492 vinctos
685 447 824 490 habeo
849 461 930 490 nec
955 446 1017 489 ibi
1042 445 1287 502 quisquam.
1327 444 1549 505 Superest,

163 515 211 555 ut
242 511 364 565 scias,
395 509 547 565 quanti
578 508 808 551 videantur
838 522 967 564 posse
999 507 1096 550 emi.
1143 505 1356 552 Sestertio
1386 507 1550 566 tricies,
1574 521 1592 549 s

160 587 247 615 non
280 571 380 626 quia
410 585 500 614 non
525 569 759 626 aliquando
792 568 1082 625 quinquagies
1114 567 1296 625 fuerint,
1326 583 1480 614 verum
1505 572 1550 614 et

161 633 241 675 hac
279 631 486 688 paenuria
525 632 779 674 colonorum
817 632 860 672 et
891 628 1114 673 communi
1145 629 1358 687 temporis
1388 629 1548 687 iniqui-

159 696 247 736 tate
279 695 328 735 ut
358 692 521 735 reditus
554 706 758 749 agrorum
791 690 853 734 sic
884 690 1015 734 etiam
1053 690 1245 747 pretium
1277 692 1396 736 retro
1428 691 1547 736 abiit.

112 766 134 799 8
160 753 357 809 Quaeris,
388 768 444 796 an
469 752 554 796 hoc
580 753 723 809 ipsum
750 752 895 795 tricies
922 751 1049 795 facile
1075 751 1283 810 colligere
1307 751 1548 810 possimus:

160 830 254 857 sum
296 813 469 869 quidem
513 828 650 870 prope
691 816 809 856 totus
851 813 898 856 in
938 812 1148 869 praediis,
1189 812 1358 870 aliquid
1398 815 1548 858 tamen
1573 827 1610 855 ιο

159 875 325 930 fenero,
363 889 442 918 nec
475 875 707 918 molestum
739 874 822 917 erit
853 874 1062 930 mutuari3
1103 873 1317 931 accipiam
1347 890 1375 918 a
1406 889 1548 932 socru,

112 948 132 980 9
159 937 280 979 cuius
313 950 412 979 arca
443 949 533 978 non
559 950 682 979 secus
715 950 765 978 ac
791 950 886 978 mea
906 937 1018 978 utor.
1062 934 1253 979 Proinde
1277 935 1364 980 hoc
1387 938 1433 980 te
1457 951 1549 980 non

159 999 346 1051 moveat,
392 996 430 1039 si
470 998 614 1039 cetera
649 1011 739 1039 non
771 996 1063 1053 refragantur,
1104 1011 1217 1053 quae
1247 997 1382 1041 velim
1414 1011 1547 1054 quam

158 1057 490 1115 diligentissime
521 1058 752 1100 examines.
814 1057 930 1100 Nam
961 1072 1061 1101 cum
1092 1057 1139 1101 in
1177 1058 1381 1103 omnibus
1415 1059 1546 1111 rebus

157 1121 251 1161 tum
282 1118 327 1160 in
360 1118 638 1174 disponendis
669 1118 950 1162 facultatibus
982 1118 1222 1175 plurimum
1251 1119 1336 1163 tibi
1365 1121 1411 1164 et
1439 1135 1546 1165 usus
1572 1135 1608 1164 ιε

158 1181 200 1221 et
231 1178 529 1235 providentiae
562 1181 769 1235 superest.
832 1178 952 1222 Vale.

186 1291 249 1349 ἐκ
274 1301 483 1349 maz.
806 1305 891 1345 xx.

410 1390 451 1423 C.
473 1391 671 1424 PLINIUS
698 1391 877 1425 MESSIO
904 1391 1103 1425 MAXIMO
1132 1392 1227 1426 SUO
1255 1392 1294 1428 S.

113 1481 131 1512 1
236 1468 525 1513 Meministine
563 1473 606 1513 te
639 1486 766 1528 saepe
797 1473 976 1529 legisse,
1015 1475 1200 1529 quantas
1238 1473 1544 1518 contentiones

160 1529 355 1572 excitarit
398 1532 468 1573 lex
516 1531 760 1588 tabellaria,
816 1536 1115 1590 quantumque
1169 1534 1255 1591 ipsi
1298 1534 1431 1579 latori
1474 1535 1546 1579 vel
1571 1551 1608 1579 so

112 1601 133 1632 2
161 1590 322 1646 gloriae
348 1592 417 1634 vel
442 1592 787 1647 reprehensionis
813 1594 1037 1638 attulerit?
1086 1593 1150 1638 At
1174 1609 1294 1640 nunc
1318 1595 1366 1640 in
1391 1597 1546 1640 senatu

161 1650 252 1692 sine
285 1651 374 1693 ulla
417 1652 682 1697 dissensione
726 1654 811 1698 hoc
855 1655 969 1699 idem
1011 1658 1060 1698 ut
1101 1657 1317 1713 optimum
1360 1657 1546 1714 placuit:

112 1721 133 1753 3
161 1725 309 1753 omnes
341 1713 614 1756 comitiorum
654 1715 722 1758 die
759 1716 940 1759 tabellas
979 1718 1324 1773 postulaverunt.
1385 1717 1547 1762 Exces-

161 1785 351 1814 seramus
393 1787 493 1815 sane
536 1775 774 1819 manifestis
819 1777 905 1820 illis
947 1779 1195 1835 apertisque
1236 1778 1458 1837 suffragiis
1494 1779 1546 1823 li-

161 1831 347 1874 centiam
374 1834 635 1877 contionum.
680 1836 782 1879 Non
807 1840 978 1894 tempus
1003 1839 1226 1896 loquendi,
1249 1854 1342 1884 non
1371 1839 1547 1885 tacendi
1571 1855 1608 1886 ιο

161 1892 391 1948 modestia,
421 1909 510 1937 non
541 1895 723 1951 denique
762 1898 938 1941 sedendi
975 1900 1165 1958 dignitas
1207 1901 1545 1946 custodiebatur.

111 1963 134 1995 4
160 1952 309 2009 Magni
334 1954 525 2010 undique
551 1955 799 2013 dissonique
819 1960 1042 2015 clamores,
1060 1962 1375 2018 procurrebant
1393 1976 1546 2007 omnes

161 2028 260 2055 cum
293 2014 381 2056 suis
414 2016 664 2072 candidatis,
697 2020 835 2062 multa
866 2021 1040 2078 agmina
1071 2023 1118 2065 in
1150 2023 1294 2067 medio
1327 2023 1546 2080 multique

161 2074 312 2116 circuli
344 2077 387 2117 et
419 2076 620 2119 indecora
652 2079 868 2137 confusi03
902 2082 1008 2125 adeo
1036 2083 1355 2129 desciveramus
1386 2099 1414 2128 a
1444 2099 1545 2130 con·

161 2134 388 2178 suetudine
420 2140 659 2193 parentum,
691 2140 806 2195 apud
838 2156 948 2197 quos
991 2145 1138 2187 omnia
1178 2145 1412 2203 disposita,
1453 2160 1545 2190 mo·
1570 2161 1607 2190 ao

161 2193 319 2250 derata,
351 2198 587 2252 tranquilla
618 2200 886 2244 maiestatem
923 2203 1010 2247 loci
1048 2206 1347 2263 pudoremque
1384 2206 1545 2251 retine-

258 2314 307 2349 3*
334 2325 377 2350 eo
403 2315 522 2362 pluris
555 2317 696 2363 (plures
723 2320 841 2366 RFp
852 2323 890 2366 a)
923 2323 1024 2368 quod
1057 2324 1159 2371 frugi
1187 2326 1392 2374 mancipiis
1423 2327 1547 2371 (man-

160 2362 257 2408 cipis
283 2363 338 2409 D)
370 2365 485 2410 codd„
519 2367 582 2410 K.,
617 2367 828 2413 complures
861 2369 963 2417 frugi
995 2373 1189 2419 mancipes
1216 2374 1364 2421 Catum„
1396 2375 1546 2421 Muell„

160 2420 204 2447 eo
236 2410 383 2457 plures,
416 2414 517 2459 quod
549 2414 691 2462 frigent
717 2419 778 2462 (se.
803 2418 982 2464 cultores,
1016 2433 1068 2457 an
1099 2422 1233 2469 frigidi
1258 2423 1305 2470 ἓ),
1337 2423 1544 2471 mancipiis

159 2470 234 2507 eqo,
252 2460 300 2504 cf.
314 2471 431 2507 supra
444 2473 484 2508 p.
502 2466 561 2507 83,
581 2467 628 2500 34
647 2464 851 2502 imbecillis
873 2467 1083 2505 cultoribus
1103 2475 1139 2507 et
1163 2471 1231 2508 IX
1247 2475 1310 2518 37,
1333 2475 1412 2510 ,2-
1423 2476 1460 2510 5.
