1656 2684
532 162 886 201 EPISTULARUM
913 163 929 198 1
956 167 1063 199 2—4.
1472 163 1500 206 3

95 292 227 335 urna,
260 277 508 322 nocturna?
550 275 784 320 Possident
814 278 859 320 te
891 278 935 319 et
966 290 1045 332 per
1076 274 1192 319 vices
1219 274 1502 331 partiuntur?

95 353 165 396 an,
188 341 243 383 ut
267 338 452 395 solebas,
477 338 722 382 intentione
747 337 811 380 rei
835 337 1066 380 familiaris
1090 336 1317 379 obeundae
1338 336 1501 380 crebris
1527 346 1549 378 2

95 399 428 445 excursionibus
467 399 693 443 evocaris?
742 397 790 442 Si
829 398 1076 456 possident,
1115 397 1223 441 felix
1259 397 1502 454 beatusque

95 475 157 518 es,
186 461 225 505 si
256 461 415 518 minus,
447 476 561 504 unus
594 475 648 504 ex
679 460 844 504 multis.
903 459 1020 511 Quin
1051 463 1102 502 tu
1136 460 1331 515 (tempus
1364 456 1501 517 enim)
1529 469 1550 500 3

52 536 71 565 ο
94 522 283 567 humiles
325 525 370 566 et
407 521 605 566 sordidas
643 536 771 565 curas
810 521 908 564 aliis
947 520 1129 564 mandas
1169 523 1213 564 et
1251 521 1346 577 ipse
1380 522 1424 563 te
1456 520 1503 563 in

94 583 186 628 alto
217 583 304 628 isto
337 583 581 642 pinguique
613 597 786 627 secessu
812 582 969 625 studiis
996 581 1191 625 adseris?
1221 581 1321 625 Hoc
1347 582 1406 624 sit
1429 596 1503 624 ne·

94 644 268 704 gotium
293 647 442 701 tuum,
470 644 557 688 hoc
582 644 743 700 otium,
775 644 848 687 hic
872 643 1016 696 labor,
1049 644 1158 686 haec
1185 643 1328 699 quies,
1359 643 1407 686 in
1431 643 1502 686 his

94 706 268 765 vigilia,
292 706 340 750 in
363 705 436 749 his
461 705 594 749 etiam
620 719 801 748 somnus
826 707 1077 762 reponatur.
1128 704 1307 765 Effinge
1334 703 1501 761 aliquid
1528 713 1551 746 4

95 769 141 812 et
185 767 370 823 excude,
427 767 547 824 quod
591 767 650 810 sit
692 769 908 823 perpetuo
952 768 1092 809 tuum.
1168 765 1285 809 Nam
1331 765 1503 821 reliqua

34 843 71 871 ιο
94 843 242 872 rerum
285 830 462 872 tuarum
506 830 610 885 post
652 831 697 871 te
741 827 878 871 alium
920 829 1052 883 atque
1094 827 1231 870 alium
1273 827 1502 870 dominum

39 907 43 911 ·
95 889 354 948 sortientur,
390 889 477 933 hoc
514 904 756 946 numquam
789 891 915 932 tuum
948 888 1119 932 desinet
1151 903 1257 944 esse,
1297 888 1335 931 si
1367 888 1503 931 semel

95 951 301 1008 coeperit.
356 949 476 1007 Scio,
509 965 640 1008 quem
673 950 889 1007 animum,
921 949 1041 1007 quod
1072 950 1224 993 horter
1255 950 1502 1007 ingenium3
1530 964 1552 997 5

23 1052 27 1054 ,
94 1015 146 1056 tu
176 1011 311 1056 modo
336 1012 520 1067 enitere,
550 1015 602 1055 ut
632 1011 715 1055 tibi
740 1012 835 1068 ipse
862 1012 921 1055 sis
947 1012 1079 1067 tanti,
1106 1011 1261 1068 quanti
1286 1010 1503 1054 videberis

97 1072 215 1130 aliis,
245 1073 283 1118 si
314 1072 399 1116 tibi
430 1073 578 1116 fueris.
643 1072 767 1116 Vale.
1292 1080 1294 1082 '

35 1213 71 1242 ιε
763 1199 835 1238 IV.

239 1285 282 1320 C.
302 1285 506 1320 PLINIUS
531 1286 791 1320 POMPEIAE
818 1285 1103 1319 CELERINAE
1131 1286 1313 1320 SOCRUI
1342 1287 1380 1320 S.

195 1365 420 1419 Quantum
451 1366 679 1423 copiarum
706 1366 752 1410 in
779 1365 1063 1422 Ocriculano,
1096 1367 1143 1410 in
1168 1366 1423 1423 Narniensi,
1455 1367 1503 1411 in
1531 1378 1550 1411 1

97 1426 358 1483 Carsulano,
399 1427 447 1471 in
483 1427 698 1472 Perusino
736 1429 834 1471 tuo!
876 1429 923 1471 in
960 1427 1199 1472 Narniensi
1231 1443 1336 1471 vero
1369 1428 1503 1472 etiam

95 1488 331 1534 balineum.
389 1488 459 1532 Ex
491 1489 693 1546 epistulis
726 1490 835 1533 meis
869 1488 991 1547 (nam
1025 1490 1113 1532 iam
1145 1489 1233 1533 tuis
1267 1504 1379 1546 opus
1410 1504 1503 1534 non

35 1568 72 1596 no
97 1549 183 1609 est)
221 1565 311 1594 una
347 1550 426 1594 illa
461 1550 606 1594 brevis
638 1553 684 1594 et
714 1554 840 1594 vetus
874 1550 1052 1594 sufficit.
1115 1549 1220 1594 Non
1252 1551 1502 1595 mehercule
1528 1562 1549 1594 2

97 1615 189 1655 tam
227 1626 325 1655 mea
363 1614 483 1667 sunt,
525 1627 637 1668 quae
675 1627 773 1655 mea
805 1615 928 1667 sunt,
970 1626 1102 1667 quam
1137 1626 1248 1668 quae
1279 1615 1374 1669 tua,
1416 1613 1503 1657 hoc

96 1676 247 1716 tamen
287 1672 513 1728 differunt,
562 1673 680 1730 quod
720 1673 955 1716 sollicitius
993 1675 1038 1716 et
1075 1674 1288 1717 intentius
1327 1674 1394 1717 tui
1432 1689 1502 1717 me

98 1748 230 1791 quam
272 1734 361 1777 mei
402 1734 638 1791 excipiunt.
710 1733 831 1777 Idem
874 1733 1061 1778 fortasse
1103 1735 1275 1778 eveniet
1312 1735 1414 1791 tibi,
1464 1736 1503 1779 si

98 1794 274 1852 quando
299 1794 347 1838 in
369 1798 522 1838 nostra
541 1794 790 1838 deverteris.
836 1794 964 1847 Quod
983 1795 1115 1839 velim
1136 1796 1285 1853 facias,
1309 1797 1501 1853 primum
1529 1807 1554 1839 3

37 1866 72 1894 ²⁶
97 1858 148 1899 ut
178 1855 358 1912 perinde
389 1856 553 1899 nostris
585 1856 714 1899 rebus
747 1870 798 1900 ac
829 1871 910 1900 nos
943 1857 1031 1900 tuis
1064 1857 1315 1914 perfruaris,
1347 1858 1503 1902 deinde
1575 1806 1655 1913 ς’

98 1919 150 1960 ut
166 1916 255 1960 mei
275 1916 637 1974 expergiscantur
656 1917 908 1974 aliquando,
934 1918 1010 1974 qui
1031 1933 1102 1962 me
1123 1933 1273 1962 secure
1293 1934 1344 1963 ac
1363 1934 1502 1976 prope

97 1977 383 2035 neglegenter
414 1980 657 2034 expectant.
714 1977 831 2022 Nam
864 1979 1038 2023 mitium
1073 1979 1353 2024 dominorum
1385 1981 1501 2037 apud
1529 1991 1553 2022 4

99 2053 248 2083 servos
287 2039 384 2095 ipsa
422 2039 738 2083 consuetudine
776 2042 919 2083 metus
959 2041 1189 2097 exolescit3
1230 2042 1501 2085 novitatibus

98 2099 347 2144 excitantur
386 2100 650 2156 probarique
692 2101 881 2145 dominis
923 2117 1002 2159 per
1043 2102 1152 2146 alios
1194 2103 1335 2160 magis
1370 2118 1502 2160 quam

38 2177 75 2206 zo
98 2175 178 2219 per
208 2161 329 2218 ipsos
360 2161 575 2205 laborant.
639 2161 762 2206 Vale.

199 2296 220 2329 8
241 2292 273 2328 si
292 2295 332 2330 te
351 2304 451 2340 poss.
470 2295 519 2330 M
536 2294 606 2339 Vr,
622 2294 687 2339 K.,
700 2294 843 2342 Stanql.
896 2299 919 2331 4
935 2297 1088 2342 tempus
1104 2298 1161 2332 est
1175 2297 1277 2332 enim
1293 2297 1342 2332 Μ
1358 2297 1416 2333 Vr
1430 2306 1452 2334 ς
1466 2310 1501 2335 α.

101 2344 123 2378 9
158 2342 304 2379 excude
344 2351 466 2389 psa,
521 2343 571 2378 K.
594 2344 633 2386 Ι,
688 2343 789 2388 Otto,
833 2344 984 2391 Stangl,
1037 2346 1244 2393 Lohmeyer
1287 2347 1390 2382 Mus.
1427 2347 1499 2383 Rh.

101 2390 254 2428 LVIII
274 2395 359 2436 470,
386 2393 520 2427 excute
548 2392 683 2437 RFr,
709 2392 866 2429 exclude
894 2394 943 2429 M
961 2394 1063 2438 VD,
1090 2395 1140 2430 K.
1163 2395 1220 2430 II.
1298 2399 1342 2431 11
1370 2407 1500 2440 numq.

102 2439 181 2477 des.
207 2450 309 2486 esse,
345 2440 378 2476 si
410 2452 499 2477 sem.
529 2452 647 2487 coep..
680 2443 787 2477 tuum
823 2443 873 2478 M
890 2443 969 2488 VS,
1002 2443 1154 2490 Stanyl,
1189 2444 1338 2488 Muell„
1370 2456 1500 2490 numq.

102 2490 212 2525 tumn
239 2488 317 2526 des.
339 2500 439 2535 esse,
466 2490 497 2525 si
525 2501 614 2525 sem.
639 2501 742 2537 coep.
766 2491 963 2535 RFDa,
992 2492 1057 2536 K.,
1084 2493 1203 2529 Merr.

1234 2567 1278 2600 l*
