1716 2742
178 126 269 173 200
791 124 830 161 0.
852 123 989 160 PLINI

178 255 264 296 que
315 242 495 284 tonsum
543 253 811 296 sparsosque
857 238 975 282 circa
1021 238 1207 296 capillos
1260 239 1353 283 dies
1400 238 1610 284 ostendit.

103 313 149 346 14
176 301 306 347 Nihil
337 301 536 346 notabile
570 304 796 358 secutum,
826 300 915 344 nisi
954 301 1072 345 forte
1113 301 1233 358 quod
1265 316 1358 346 non
1395 301 1463 346 fui
1495 317 1612 359 reus,

176 364 375 421 futurus,
407 364 444 408 si
477 363 782 420 Domitianus,
817 363 900 407 sub
936 378 1024 434 quo
1057 364 1167 407 haec
1200 364 1476 419 acciderunt,
1516 364 1610 408 diu-

175 428 266 471 tius
299 426 495 471 vixisset.
559 425 680 470 Nam
713 426 762 469 in
789 426 953 470 scrinio
982 426 1076 470 eius
1104 426 1235 470 datus
1263 442 1289 470 a
1316 425 1429 471 Caro
1458 399 1512 471 de
1538 443 1610 471 me

174 490 353 534 libellus
391 488 601 532 inventus
641 490 726 545 est3
770 503 824 532 ex
871 503 960 545 quo
1007 489 1250 533 coniectari
1282 491 1460 559 potest,
1506 490 1611 548 quia
1644 502 1660 530 5

176 552 262 596 reis
309 551 447 595 moris
491 553 558 595 est
600 551 881 595 summittere
924 551 1158 609 capillum,
1201 552 1369 596 recisos
1409 567 1611 597 meorum

177 614 363 672 capillos
391 613 579 670 depulsi,
607 613 728 670 quod
754 613 1021 671 inminebat,
1047 614 1237 671 periculi
1258 613 1437 673 signum
1460 614 1610 659 fuisse

103 687 148 720 15
269 675 464 720 Proinde
504 691 635 734 rog0,
674 676 972 720 eruditionem
1011 679 1137 720 tuam
1175 676 1394 722 intendas.
1460 676 1612 736 Digna

175 754 245 783 res
279 741 365 796 est,
398 754 533 796 quam
568 738 645 782 diu
678 739 962 795 multumque
990 739 1264 796 consideres,
1301 755 1358 784 ne
1399 754 1482 799 ego
1517 740 1613 796 qui-

103 811 148 845 16
178 802 277 846 dem
310 800 543 860 indignus,
577 801 649 846 cui
683 801 859 859 copiam
894 801 1107 852 scientiae
1139 805 1243 846 tuae
1270 802 1420 847 facias.
1485 801 1613 847 Licet
1640 815 1676 842 10

177 865 310 908 etiam
341 866 580 921 utramque
607 864 656 908 in
681 867 875 922 partem,
901 867 953 908 ut
980 865 1117 922 soles,
1144 865 1364 923 disputes,
1393 880 1448 909 ex
1475 866 1615 909 altera

175 930 327 971 tamen
358 926 545 984 fortius,
570 942 626 970 ne
659 942 731 971 me
765 943 1032 985 suspensum
1060 927 1372 985 incertumque
1400 927 1615 985 dimittas,

177 1005 278 1034 cum
300 989 413 1033 mihi
440 989 701 1033 consulendi
725 1004 859 1034 causa
879 990 1034 1047 fuerit,
1054 993 1105 1034 1113
1126 990 1330 1035 dubitare
1354 990 1613 1035 desinerem.

177 1051 302 1096 Vale.

798 1118 993 1159 XXVIII.
1642 1134 1677 1162 15

537 1207 580 1241 C.
602 1207 809 1242 PLINIUS
839 1207 1074 1242 SEPTICIO
1104 1208 1199 1242 SUO
1230 1208 1268 1242 S.

129 1287 147 1319 1
270 1276 351 1322 Ais
374 1276 592 1334 quosdam
613 1276 733 1335 apud
753 1280 798 1322 te
817 1277 1175 1335 reprehendisse,
1194 1281 1425 1335 tamquam
1448 1278 1616 1322 amicos

128 1349 148 1381 2
177 1355 301 1385 meos
336 1355 391 1384 ex
424 1340 549 1384 omni
575 1340 809 1385 occasione
842 1341 962 1384 ultra
988 1340 1172 1385 modum
1204 1341 1398 1385 laudem.
1463 1339 1616 1400 Agno-

179 1418 253 1448 sco
301 1403 488 1460 crimen,
535 1403 785 1460 amplector
827 1404 973 1447 etiam.
1054 1402 1171 1456 Quid
1217 1403 1336 1447 enim
1382 1403 1615 1447 honestius

178 1466 311 1524 culpa
344 1465 669 1524 benignitatis?
736 1465 823 1518 Qui
857 1468 964 1510 sunt
1002 1468 1154 1510 tamen
1193 1466 1286 1524 isti,
1328 1466 1403 1523 qui
1446 1465 1614 1511 amicos
1642 1485 1679 1513 20

178 1543 300 1573 meos
343 1528 505 1572 melius
550 1528 735 1572 norint?
801 1527 907 1586 Sed,
952 1531 1004 1573 ut
1045 1529 1216 1587 norint,
1263 1529 1372 1586 quid
1415 1528 1617 1573 invident

180 1591 291 1635 mihi
323 1590 583 1635 felicissimo
618 1590 797 1635 errore?
844 1590 909 1636 Ut
942 1591 1061 1635 enim
1095 1607 1187 1635 non
1221 1591 1313 1636 sint
1344 1592 1477 1649 tales,
1511 1606 1616 1648 qua-

178 1655 243 1698 les
279 1670 304 1697 a
337 1669 407 1697 me
441 1653 774 1711 praedicantur,
809 1669 892 1714 ego
932 1656 1083 1698 tamen
1124 1655 1300 1711 beatus,
1342 1653 1464 1712 quod
1503 1654 1616 1698 mihi

131 1731 152 1764 3
180 1716 400 1760 videntur.
471 1714 618 1774 Igitur
657 1717 712 1760 ad
753 1716 864 1761 alios
907 1717 1024 1761 hanc
1065 1717 1292 1761 sinistram
1332 1716 1615 1777 diligentiam

181 1779 432 1836 conferant3
464 1793 547 1823 nec
582 1785 686 1823 sunt
718 1795 878 1837 parum
913 1779 1066 1837 multi,
1107 1781 1185 1837 qui
1225 1795 1407 1838 carpere
1447 1779 1615 1824 amicos
1643 1796 1679 1825 25

181 1857 286 1886 suos
319 1840 534 1885 iudicium
569 1844 749 1899 vocant3
783 1841 895 1886 mihi
921 1858 1169 1900 numquam
1195 1842 1541 1900 persuadebunt,
1568 1845 1619 1886 ut

181 1919 304 1948 meos
340 1903 479 1948 amari
513 1920 538 1947 a
572 1919 642 1948 me
675 1905 866 1949 nimium
898 1908 1065 1963 putem.
1132 1904 1260 1949 Vale.

128 2064 164 2117 χ
267 2056 405 2122 Palla?
420 2057 643 2114 mmm,
826 2022 975 2061 XXIX.

532 2110 575 2144 C.
597 2110 803 2145 PLINIUS
831 2111 1078 2146 MONTANO
1109 2111 1205 2146 SUO
1234 2112 1271 2146 S.

135 2198 153 2231 1
277 2179 485 2236 Ridebis,
518 2180 675 2224 deinde
709 2180 1035 2239 indignaberis,
1076 2181 1235 2225 deinde
1267 2181 1453 2238 ridebis,
1488 2182 1526 2225 si
1558 2182 1618 2225 lc·
1645 2199 1682 2226 30

134 2261 155 2293 2
184 2244 322 2303 geris,
355 2242 476 2299 quod
515 2243 604 2287 nisi
641 2244 824 2302 legeris,
862 2258 955 2288 non
995 2247 1123 2302 potes
1167 2244 1356 2288 credere.
1423 2243 1507 2288 Est
1545 2244 1618 2287 via

285 2361 331 2395 21
360 2369 468 2395 111303
490 2356 612 2406 (me)
634 2356 775 2393 melius
802 2357 995 2393 Momms..
1024 2356 1162 2393 Muell.
1312 2358 1358 2391 22
1387 2353 1617 2392 felicissimo

186 2419 315 2445 errore
353 2409 406 2445 M
413 2420 456 2453 a,
497 2407 726 2444 felicissimo
764 2417 933 2443 errorem
970 2406 1079 2453 Dpr
1115 2410 1150 2443 et
1185 2417 1244 2442 ou
1279 2405 1464 2450 Merrilli,
1500 2417 1534 2442 v.
1566 2406 1618 2442 ad

186 2458 236 2495 Π
254 2460 318 2505 20,
343 2461 379 2495 8.
533 2461 578 2494 27
606 2457 774 2494 nimium
800 2458 937 2503 putem
964 2457 1112 2499 (autem
1141 2456 1204 2502 M)
1231 2455 1284 2491 M
1291 2467 1312 2492 r
1322 2467 1358 2500 a,
1387 2455 1453 2496 Κ.
1482 2456 1616 2500 Μενν.,

186 2508 304 2545 11111113
330 2519 506 2555 unquam
533 2509 668 2555 putem
699 2507 740 2544 1)
749 2515 829 2553 ps,
858 2507 1009 2553 Muelz„
1035 2518 1069 2542 v.
1093 2505 1290 2551 Hofacker
1311 2517 1352 2552 p.
1374 2507 1423 2542 55
1451 2509 1487 2543 et
1505 2508 1564 2544 60.
