1624 2678
34 928 69 955 10

34 1234 68 1261 1⁶

39 2148 75 2175 ⁸0

487 151 843 189 EPISTULARUM
869 153 922 189 VI
948 156 1104 189 29—31.
1408 157 1491 200 171

94 264 189 310 filio
228 267 307 309 tuo
345 264 587 308 familiaris.
652 263 767 317 Quid
808 267 955 309 tamen
997 265 1125 309 nobis
1168 265 1229 308 ibi
1272 269 1494 322 praestare

94 326 255 384 possit,
284 325 463 385 ignoro,
494 327 606 370 velle
638 326 880 382 plurimum
914 326 1055 370 credo.
1119 325 1243 370 Vale.

90 453 302 493 seuam
343 455 451 511 &seu
491 448 687 490 cnsJA-z..
722 440 866 479 XXXI·
933 447 1173 492 [fisa-‹fil›-
1199 447 1285 520 so
1306 446 1480 485 Aah„

396 527 440 562 C.
459 526 661 560 PLINIUS
689 526 1010 560 CORNELIANO
1038 527 1132 560 SUO
1162 529 1199 560 S.

185 605 411 652 Evocatus
439 606 485 650 in
511 606 746 651 consilium
773 622 799 650 a
826 605 1008 650 Caesare
1041 609 1193 651 nostro
1227 607 1281 650 ad
1309 606 1495 651 Centum
1526 621 1543 652 1

95 665 240 712 Cellas
279 666 386 738 (hoc
427 668 527 712 loco
565 667 747 726 nomen)
791 668 1028 712 maximam
1070 668 1167 725 cepi
1210 669 1497 737 voluptatem.

95 727 210 782 Quid
243 729 361 773 enim
394 729 628 773 iucundius
664 744 796 786 quam
835 729 1049 786 principis
1082 729 1314 786 iustitiam,
1353 729 1497 788 gravi·
1524 743 1544 773 2

93 793 250 846 tatem,
289 790 543 835 comitatem
575 791 623 834 'm
662 805 833 835 secessu
867 805 1064 847 quoque,
1101 790 1180 834 ubi
1212 791 1403 834 maxime
1434 806 1499 834 re-

94 850 351 908 cluduntur,
389 851 634 909 inspicere?
697 851 894 895 Fuerunt
935 852 1080 895 variae
1119 852 1413 910 cognitiones,
1455 855 1500 896 et

95 927 206 970 quae
244 912 431 957 virtutes
469 912 627 957 iudicis
666 928 745 970 per
782 913 932 970 plures
976 913 1141 970 species
1182 913 1497 970 experirentur.

95 972 220 1018 Dixit
251 988 428 1018 causam
461 973 669 1018 Claudius
703 973 920 1030 Aristion,
952 974 1156 1031 princeps
1189 973 1500 1031 Ephesiorum,
1525 985 1547 1018 3

94 1034 229 1079 homo
271 1035 508 1079 munificus
541 1038 585 1079 et
616 1035 794 1079 innoxie
826 1035 1074 1092 popularis:
1116 1035 1218 1079 inde
1250 1035 1416 1079 invidia
1455 1038 1499 1079 et

93 1111 120 1139 a
151 1095 457 1140 dissimillimis
491 1096 662 1140 delator
694 1096 920 1153 inmissus3
960 1096 1108 1153 itaque
1142 1096 1370 1140 absolutus
1403 1097 1499 1140 vin-

96 1156 356 1214 dicatusque
389 1160 467 1202 est.

188 1217 400 1276 Sequenti
451 1219 522 1262 die
580 1219 731 1262 audita
787 1221 854 1262 est
912 1218 1094 1262 Gallitta
1152 1218 1355 1262 adulterii
1413 1234 1497 1262 rea.
1526 1231 1547 1261 4

94 1278 250 1338 Nupta
280 1279 390 1324 haec
420 1280 600 1324 tribuno
634 1280 827 1323 militum
860 1279 1051 1324 honores
1077 1280 1271 1336 petituro
1305 1283 1348 1323 et
1375 1295 1499 1323 suam

94 1343 140 1385 et
180 1340 329 1385 mariti
370 1341 632 1398 dignitatem
675 1341 944 1385 centurionis
991 1355 1139 1384 amore
1191 1341 1499 1385 maculaverat.

94 1401 280 1446 Maritus
310 1402 460 1461 legato
488 1403 729 1458 consulari,
760 1402 835 1445 ille
863 1401 1035 1445 Caesari
1063 1402 1309 1458 scripserat.
1342 1400 1501 1446 Caesar
1528 1414 1548 1445 5

94 1462 289 1507 excussis
322 1463 659 1521 probationibus
699 1463 1000 1507 centurionem
1034 1463 1338 1507 exauctoravit
1369 1466 1500 1520 atque

96 1523 228 1568 etiam
260 1525 485 1584 relegavit.
550 1523 786 1581 Supererat
818 1524 1010 1579 crimini,
1042 1523 1160 1580 quod
1192 1524 1279 1567 nisi
1312 1524 1497 1567 duorum

96 1600 190 1630 esse
232 1600 322 1630 non
360 1588 553 1643 poterat,
595 1586 766 1642 reliqua
805 1600 906 1641 pars
939 1585 1141 1641 ultionis3
1183 1585 1258 1628 sed
1291 1586 1497 1629 maritum

96 1661 186 1691 non
224 1646 318 1691 sine
351 1647 501 1703 aliqua
537 1646 876 1703 reprehensione
915 1646 1153 1702 patientiae
1192 1661 1317 1690 amor
1348 1647 1499 1690 uxoris

96 1707 371 1765 retardabat,
396 1723 528 1764 quam
551 1707 727 1763 quidem
749 1706 880 1749 etiam
901 1709 1004 1762 post
1023 1706 1218 1751 delatum
1233 1707 1497 1751 adulterium

97 1768 217 1813 domi
238 1784 243 1789 ·
262 1768 476 1813 habuerat
528 1768 652 1824 quasi
705 1770 937 1811 contentus
982 1768 1204 1812 aemulum
1248 1769 1498 1812 removisse.

99 1828 383 1886 Admonitus,
417 1832 467 1873 ut
492 1832 721 1887 perageret
747 1829 1091 1884 accusationem,
1123 1829 1296 1888 peregit
1321 1829 1498 1872 invitus.
1528 1840 1548 1869 0

99 1889 186 1934 Sed
227 1890 349 1933 illam
400 1890 598 1933 damnari
646 1890 779 1933 etiam
831 1890 970 1933 invito
1023 1893 1275 1935 accusatore
1324 1905 1500 1934 necesse

99 1954 210 1995 erat:
243 1951 450 1994 damnata
476 1954 520 1994 et
546 1950 682 1994 Iuliae
709 1951 819 2008 legis
846 1952 1001 2007 poenis
1028 1952 1182 1995 relicta
1208 1955 1284 1995 est.
1345 1950 1502 1995 Caesar

99 2015 143 2056 et
173 2026 337 2056 nomen
369 2011 638 2055 centurionis
665 2014 709 2055 et
741 2013 1205 2056 commemorationem
1239 2012 1499 2069 disciplinae

101 2073 303 2118 militaris
336 2073 578 2117 sententiae
611 2071 788 2129 adiecit,
819 2087 874 2116 ne
904 2088 1054 2117 omnes
1081 2075 1173 2117 eius
1201 2073 1321 2116 modi
1348 2088 1500 2117 causas

99 2149 305 2179 revocare
338 2134 390 2178 ad
425 2149 471 2178 se
504 2134 733 2177 videretur.

192 2195 341 2239 Tertio
376 2195 445 2238 die
479 2194 658 2239 inducta
695 2209 719 2238 c
813 2194 891 2238 itio
931 2199 998 2239 est
1038 2196 1188 2238 multis
1223 2195 1499 2238 sermonibus
1530 2204 1549 2237 7

101 2259 146 2334 et
176 2257 297 2300 vario
332 2271 507 2300 rumore
535 2256 714 2309 iactata,
722 2209 830 2299 Ofnli
857 2255 1031 2300 Tironis
1060 2256 1272 2311 codicilli,
1305 2270 1414 2313 quos
1449 2271 1502 2300 ex

200 2381 222 2413 6
242 2377 451 2413 maximam
469 2377 507 2412 1)
511 2384 614 2421 prs
633 2376 779 2420 Muell„
794 2387 975 2422 magnam
996 2377 1039 2411 M
1049 2388 1091 2419 a,
1109 2377 1159 2411 K.
1264 2380 1304 2411 11
1330 2375 1501 2412 Aristion

104 2425 226 2470 Dra,
255 2426 356 2470 Otto,
384 2425 531 2468 Macen..
559 2424 715 2460 Ariston
744 2425 825 2471 ΜΡ
836 2434 870 2469 ς,
901 2426 947 2461 Κ.
1068 2429 1108 2460 15
1136 2424 1299 2461 Gallitta
1329 2424 1502 2461 anms.

104 2474 181 2510 ind.
199 2485 237 2520 p.
260 2477 346 2518 411,
374 2473 523 2510 Galitta
550 2473 647 2519 vuly.
