1716 2742
199 136 290 181 336
813 132 851 170 ο.
879 132 1017 170 PLINI

199 249 407 293 omnibus
429 247 609 306 quidem
631 263 746 306 eras,
768 247 845 292 sed
866 247 961 292 sine
981 248 1119 292 ullius
1141 247 1448 293 deminutione
1469 249 1629 294 maior:

199 311 383 356 eandem
410 310 724 355 auctoritatem
745 313 979 369 praesente
1006 313 1050 354 te
1072 311 1261 369 quisque
1283 326 1417 369 quam
1446 311 1630 357 absente

197 374 437 431 retinebat3
471 373 581 431 quin
614 373 749 417 etiam
776 374 1004 431 plerisque
1038 389 1093 417 ex
1125 389 1177 418 eo
1210 374 1459 419 reverentia
1487 389 1630 419 acces-

148 450 169 482 3
199 439 336 494 serat,
370 436 491 494 quod
517 439 568 480 tu
596 451 775 493 quoque
801 436 905 480 illos
931 437 1203 481 reverebare.
1261 435 1420 495 Itaque
1445 437 1630 496 perinde

199 499 385 543 summis
419 501 554 556 atque
587 499 756 543 infimis
790 514 919 544 carus
961 499 1026 544 sic
1058 498 1377 558 imperatorem
1410 500 1628 545 commili-

197 565 440 620 tonemque
473 562 736 619 misoueras‚
775 565 827 606 ut
867 561 1066 606 studium
1101 562 1303 607 omnium
1340 563 1631 621 laboremque

198 628 242 669 et
273 628 504 683 tamquam
540 627 722 669 exactor
761 624 1014 669 intenderes
1055 628 1100 670 et
1140 628 1372 683 tamquam
1405 626 1630 685 particeps

147 700 170 733 4
198 688 436 746 sociusque
469 688 703 732 relevares.
749 687 920 732 Felices
961 687 1083 746 illos,
1118 703 1310 746 quorum
1343 688 1455 734 fides
1489 691 1535 734 et
1566 689 1631 734 in—

197 751 369 796 dustria
395 766 488 795 non
514 767 594 809 per
621 750 922 795 internuntios
950 753 995 795 et
1020 751 1309 810 interpretes,
1342 751 1420 796 sed
1447 752 1503 796 ab
1530 752 1630 811 ipso

196 817 240 858 te
273 829 356 858 nec
389 814 571 858 auribus
605 814 714 872 tuis,
749 814 826 858 sed
861 814 1003 859 oculis
1029 814 1357 872 probabantur!
1391 813 1632 860 Consecuti

197 879 322 934 sunt,
364 879 415 921 ut
459 877 618 921 absens
654 892 833 935 quoque
877 877 931 922 de
975 877 1234 922 absentibus
1276 877 1448 922 nemini
1487 878 1631 938 magis

199 954 333 997 quam
366 939 450 984 tibi
484 940 696 985 crederes.

122 1000 183 1048 20
291 1002 387 1047 Iam
432 1005 477 1047 te
524 1003 690 1048 civium
737 1002 956 1047 desideria
997 1003 1288 1062 revocabant,
1346 1018 1632 1062 amoremque

197 1068 448 1110 castrorum
470 1066 712 1124 superabat
739 1066 901 1110 caritas
922 1066 1106 1124 patriae.
1168 1065 1260 1111 Iter
1278 1066 1382 1111 inde
1402 1067 1631 1125 placidum

148 1140 168 1172 2
198 1144 249 1174 ac
281 1129 536 1174 modestum
570 1131 615 1174 et
646 1130 780 1187 plane
808 1144 834 1173 a
860 1144 969 1187 pace
995 1129 1235 1174 redeuntis.
1287 1129 1385 1175 Nec
1411 1145 1518 1174 vero
1546 1145 1630 1189 ego

196 1192 245 1236 in
263 1192 471 1237 laudibus
499 1192 588 1237 tuis
610 1207 790 1250 ponam,
824 1192 945 1249 quod
973 1192 1214 1236 adventum
1241 1195 1371 1237 tuum
1391 1207 1485 1237 non
1504 1195 1634 1251 pater

198 1254 456 1313 quisquam,
487 1271 581 1299 non
613 1255 800 1300 maritus
828 1256 1027 1314 expavit:
1062 1255 1284 1300 adfectata
1311 1256 1410 1300 aliis
1437 1255 1633 1313 castitas,

197 1318 281 1362 tibi
313 1318 515 1377 ingenita
542 1320 586 1362 et
619 1318 774 1362 innata
805 1318 1011 1376 interque
1046 1334 1116 1376 ea,
1150 1333 1263 1375 quae
1290 1318 1513 1376 imputare
1539 1333 1633 1363 non

148 1392 169 1424 3
197 1381 354 1439 possis.
407 1380 574 1426 Nullus
602 1380 649 1425 in
676 1381 907 1440 exigendis
935 1381 1154 1426 vehiculis
1181 1382 1423 1439 tumultus,
1455 1382 1632 1426 nullum

199 1444 316 1489 circa
347 1444 548 1502 hospitia
580 1444 833 1502 fastidium3
877 1459 1056 1488 annona
1090 1460 1204 1502 quae
1237 1444 1416 1503 ceteris3
1456 1444 1513 1489 ad
1543 1444 1632 1490 hoc

198 1507 438 1552 comitatus
460 1507 687 1552 accinctus
715 1509 759 1551 et
779 1522 951 1565 parens.
996 1507 1177 1552 Diceres
1199 1522 1414 1567 magnum
1436 1507 1633 1566 aliquem

198 1570 355 1615 ducem
390 1585 441 1614 ac
479 1573 524 1614 te
563 1570 850 1627 potissimum
890 1570 945 1614 ad
986 1570 1207 1615 exercitus
1241 1571 1324 1615 ire:
1367 1570 1478 1615 adeo
1517 1570 1633 1614 nihil

198 1636 276 1677 aut
309 1636 427 1678 certe
461 1649 621 1691 parum
655 1634 868 1677 intererat
900 1633 1018 1677 inter
1043 1634 1362 1691 imperatorem
1388 1633 1560 1678 factum
1588 1636 1633 1678 et

147 1707 171 1740 4
197 1696 411 1740 futurum.
458 1695 601 1749 Quam
629 1695 861 1741 dissimilis
882 1712 1026 1755 nuper
1047 1697 1230 1741 alterius
1250 1696 1470 1755 principis
1490 1699 1632 1741 trans-

197 1759 306 1804 itus!
347 1759 385 1803 si
418 1761 570 1803 tamen
602 1759 818 1804 transitus
852 1759 947 1818 ille,
986 1775 1078 1804 non
1112 1760 1348 1818 populatio
1381 1759 1489 1818 fuit,
1529 1774 1631 1804 cum

198 1822 426 1867 abactibus
459 1822 709 1880 hospitium
744 1825 985 1880 exsereret,
1025 1822 1264 1880 omniaque
1298 1823 1455 1867 dextra
1489 1823 1633 1867 laeva-

200 1900 285 1943 que
317 1887 500 1944 perusta
534 1887 578 1929 et
604 1886 777 1943 attrita,
810 1888 862 1929 ut
889 1886 927 1930 si
954 1886 1022 1930 vis
1050 1886 1202 1944 aliqua
1230 1886 1300 1930 vel
1325 1885 1415 1944 ipsi
1440 1885 1508 1930 illi
1534 1886 1632 1930 bar-

197 1948 315 2006 bari,
336 1963 448 2006 quos
470 1947 691 2007 fugiebat,
714 1948 973 1993 inciderent.
1002 1947 1366 1993 Persuadendum
1387 1948 1631 2007 provinciis

150 2022 171 2055 5
200 2014 295 2056 erat
326 2011 440 2055 illud
472 2011 557 2056 iter
590 2011 842 2056 Domitiani
874 2011 1032 2068 fuisse,
1066 2027 1158 2056 non
1191 2011 1420 2070 principis.
1473 2009 1632 2070 Itaque

199 2090 291 2118 non
324 2077 416 2118 tam
450 2089 532 2132 pro
572 2077 651 2119 tua
691 2074 836 2134 gloria
870 2089 1003 2132 quam
1043 2090 1126 2133 pro
1167 2074 1363 2119 utilitate
1403 2074 1632 2120 communi

201 2137 346 2182 edicto
382 2137 630 2195 subiecisti,
671 2137 780 2195 quid
813 2138 859 2181 in
894 2139 1135 2196 utrumque
1170 2140 1369 2182 vestrum
1403 2139 1521 2183 esset
1553 2137 1634 2182 im-

301 2277 346 2308 21
362 2284 505 2319 parcus
521 2273 693 2319 Caspia,
708 2274 852 2310 Baehr.
918 2273 992 2310 26*
1004 2273 1169 2310 abactus
1185 2273 1342 2321 (abacto
1359 2274 1403 2321 O)
1415 2273 1632 2320 hospitium

202 2324 377 2359 exereret
392 2324 447 2369 (A
456 2324 494 2360 B
506 2323 545 2369 0,
558 2324 699 2370 Haupt
710 2324 842 2361 Herm.
855 2324 963 2370 V27)
976 2324 1034 2361 vel
1045 2326 1224 2361 execeret
1233 2325 1291 2362 vel
1302 2324 1499 2361 exerceret
1512 2324 1632 2370 codd„

202 2372 366 2409 abactus
387 2373 605 2420 hospitium
626 2373 810 2410 exederet
830 2375 986 2420 Baehr„
1015 2374 1179 2411 abactus
1206 2374 1408 2422 hospitum
1435 2375 1633 2411 exerceret

202 2424 320 2470 antiq.
350 2424 445 2470 edd„
480 2424 545 2469 K„
578 2424 743 2460 abactus
779 2423 995 2473 <pecorum
1028 2424 1148 2474 post>
1182 2424 1401 2472 hospitium
1434 2426 1633 2462 exerceret

203 2474 352 2518 Novak,
369 2473 638 2524 abact<ib>us
649 2473 866 2521 hospitium
882 2476 1076 2512 exsereret
1089 2486 1166 2523 eqo,
1181 2475 1229 2520 cf.
1236 2486 1277 2522 p.
1289 2477 1457 2520 212,20;
1466 2477 1633 2521 329,28‚·

202 2523 305 2562 Suet.
325 2524 405 2561 Tib.
419 2526 467 2562 33
476 2539 490 2571 ;
509 2525 751 2575 Layeryreen
764 2528 904 2573 p.124.
985 2528 1031 2561 28
1047 2524 1260 2563 inciderint
1272 2525 1475 2572 Schwartz„
1488 2525 1630 2563 Baehr.

1659 831 1695 858 10

1660 1146 1694 1174 15

1659 1459 1696 1487 20

1658 1774 1694 1802 25

1659 2089 1696 2116 30
