1716 2742
224 150 316 196 400
838 145 878 184 G.
904 145 1044 183 PLINI

173 276 194 308 2
223 279 358 322 quam
392 262 604 321 privatim
638 261 863 320 obligatos
891 263 1064 319 putent.
1127 260 1193 307 Ut
1219 261 1339 307 enim
1366 261 1509 307 malos
1535 261 1654 320 prin-

223 328 344 385 cipes
377 325 544 370 rectius
577 324 902 383 pulchriusque
937 327 1005 369 est
1038 340 1094 369 ex
1126 325 1440 370 communibus
1480 324 1656 370 iniuriis

223 389 371 434 odisse
405 404 540 446 quam
572 387 790 446 propriis,
831 387 895 431 ita
933 388 1042 432 boni
1075 387 1323 446 speciosius
1355 390 1566 432 amantur
1597 387 1655 432 ob

223 468 293 510 ea,
314 467 428 510 quae
448 451 602 511 generi
621 451 821 495 humano
843 466 979 508 quam
1001 465 1115 508 quae
1135 450 1394 496 hominibus
1414 453 1656 508 praestant.

173 525 195 558 3
224 514 339 568 Quia
371 517 520 559 tamen
556 514 604 558 in
644 513 1014 559 consuetudinem
1055 513 1212 570 vertit,
1252 516 1304 558 ut
1336 514 1543 558 consules
1577 529 1656 572 pu·
1685 529 1701 557 5

223 578 343 623 blica
381 577 628 637 gratiarum
671 577 848 621 actione
890 577 1083 634 perlata,
1126 591 1207 621 suo
1252 591 1432 634 quoque
1473 577 1658 621 1101111110

224 644 444 700 quantum
478 640 668 684 debeant
705 639 918 698 principi,
957 639 1277 698 profiteantur,
1316 639 1548 685 concedite
1587 655 1658 684 me

222 719 316 749 11011
348 719 430 762 pro
465 719 536 748 me
570 703 715 762 magis
749 718 933 747 munere
965 702 1055 747 isto
1084 718 1219 760 quam
1246 717 1329 760 pro
1357 702 1533 762 collega
1559 717 1657 747 meo

174 778 195 811 4
226 766 425 812 Cornuto
446 766 669 824 Tertullo,
704 765 953 811 clarissimo
975 765 1093 823 viro,
1125 765 1266 825 fungi.
1315 764 1407 810 Cur
1426 766 1547 810 enim
1566 779 1659 810 non

223 846 307 889 pro
341 830 420 875 illo
456 845 636 888 quoque
670 829 838 888 gratias
872 844 1024 888 agam,
1055 844 1139 887 pro
1174 843 1263 886 quo
1290 844 1384 873 non
1410 829 1560 874 minus
1587 828 1659 873 de·
1687 844 1716 872 1c

223 892 340 938 beo?
371 893 636 951 praesertim
657 907 760 937 cum
781 891 1202 951 indulgentissimus
1222 891 1470 950 imperator
1488 891 1537 936 in
1557 906 1660 936 con-

225 956 378 1002 cordia
410 958 566 1001 nostra
598 971 650 1000 ea
682 955 959 1014 praestiterit
992 954 1210 1000 ambobus
1218 989 1231 1013 ,
1265 970 1378 1013 quae
1412 954 1451 1000 si
1482 956 1661 999 tantum

225 1020 272 1064 in
313 1020 505 1064 alterum
545 1018 830 1076 contulisset,
873 1018 1029 1063 ambos
1068 1020 1221 1062 tamen
1263 1017 1511 1076 aequaliter
1550 1017 1661 1062 obli-

175 1092 197 1127 5
226 1085 387 1142 gasset.
421 1081 679 1140 Utrumque
698 1084 905 1127 nostrum
926 1081 1003 1125 1110
1024 1081 1186 1139 optimi
1206 1081 1423 1139 cuiusque
1443 1081 1663 1139 spoliator

225 1149 271 1191 et
302 1145 504 1191 carnifex
536 1145 765 1205 stragibus
805 1145 1053 1189 amicorum
1087 1146 1131 1189 et
1169 1144 1217 1189 in
1249 1145 1508 1202 proximum
1541 1144 1660 1189 iacto
1689 1159 1716 1187 11

224 1209 417 1254 fulmine
459 1208 714 1253 adflaverat.
786 1207 935 1252 Isdem
980 1208 1100 1252 enim
1143 1207 1300 1253 amicis
1343 1207 1662 1267 gloriabamur,

226 1272 406 1317 eosdem
439 1271 628 1316 amissos
660 1271 948 1330 lugebamus,
982 1286 1034 1316 ac
1068 1271 1185 1315 sicut
1217 1285 1339 1316 nunc
1372 1285 1473 1329 spes
1507 1270 1662 1330 gaudi-

226 1351 394 1393 umque
427 1335 491 1380 ita
533 1337 642 1380 tunc
676 1334 927 1379 communis
960 1333 1092 1379 nobis
1133 1333 1263 1378 dolor
1295 1336 1340 1378 et
1373 1336 1519 1379 metus
1554 1336 1661 1378 erat.

177 1408 198 1443 6
226 1398 460 1443 Habuerat
491 1397 613 1442 hunc
645 1398 866 1442 honorem
899 1396 1111 1455 periculis
1143 1397 1312 1441 nostris
1340 1396 1470 1442 divus
1496 1395 1661 1454 Nerva,

226 1464 278 1506 ut
309 1476 412 1520 nos,
455 1460 539 1506 etsi
573 1461 723 1505 minus
763 1463 814 1505 ut
846 1461 1010 1518 bonos,
1051 1475 1318 1518 promovere
1357 1460 1512 1518 vellet,
1556 1459 1663 1518 quia
1688 1474 1716 1502 81

226 1524 391 1569 mutati
435 1525 603 1569 saeculi
647 1523 827 1583 signum
871 1526 915 1568 et
959 1523 1048 1568 hoc
1091 1525 1227 1581 esset,
1272 1522 1394 1581 quod
1436 1523 1663 1580 florerent,

227 1603 421 1647 quorum
454 1587 747 1646 praecipuum
781 1589 938 1631 votum
979 1588 1082 1631 ante
1121 1586 1288 1644 fuerat,
1329 1588 1381 1630 ut
1418 1586 1661 1631 memoriae

151 1647 209 1697 91
226 1651 445 1710 principis
480 1651 774 1696 elaberentur.
839 1649 1057 1695 Nondum
1090 1649 1323 1694 biennium
1360 1649 1661 1707 complevera-

227 1729 328 1759 mus
355 1715 403 1759 in
431 1714 582 1759 officio
609 1712 964 1758 laboriosissimo
996 1715 1041 1757 et
1067 1713 1278 1771 maximo,
1309 1727 1412 1758 cum
1439 1714 1491 1757 tu
1516 1712 1661 1770 nobis,

228 1778 400 1836 optime
426 1777 704 1836 principum,
736 1776 981 1821 fortissime
1007 1775 1349 1834 imperatorum,
1376 1776 1662 1821 consulatum
1689 1790 1716 1819 111

229 1841 454 1898 obtulisti,
488 1843 539 1885 ut
566 1840 621 1884 ad
649 1855 876 1884 summum
904 1839 1124 1884 honorem
1151 1839 1298 1899 gloria
1324 1839 1566 1884 celeritatis
1594 1853 1663 1884 ac-

178 1915 200 1948 2
229 1903 424 1949 cederet:
473 1906 652 1948 tantum
697 1903 816 1947 inter
860 1905 905 1947 te
952 1904 996 1946 et
1041 1902 1145 1947 illos
1191 1902 1418 1960 principes
1463 1902 1663 1960 interest,

231 1967 308 2026 qui
359 1966 588 2012 beneficiis
648 1966 740 2011 suis
800 1965 1236 2010 commendationem
1289 1980 1344 2010 ex
1396 1964 1663 2010 difficultate

230 2029 473 2089 captabant
511 2029 821 2090 gratioresque
870 2028 1194 2086 accipientibus
1234 2028 1429 2073 honores
1479 2028 1663 2073 arbitra-

229 2093 413 2151 bantur,
454 2092 492 2138 si
525 2093 650 2151 prius
684 2092 787 2136 illos
822 2091 1074 2150 desperatio
1115 2094 1160 2136 et
1192 2091 1391 2136 taedium
1425 2093 1470 2136 et
1502 2091 1662 2136 similis
1691 2106 1716 2134 8⁴

230 2157 435 2215 repulsae
478 2171 606 2200 mora
647 2155 695 2199 in
746 2157 901 2199 notam
944 2154 1169 2213 quandam
1217 2154 1525 2213 pudoremque
1568 2170 1663 2199 ver-

182 2230 203 2263 3
231 2220 404 2264 tissent.
470 2216 631 2263 Obstat
664 2218 950 2276 verecundia,
991 2233 1079 2276 quo
1120 2218 1269 2263 minus
1309 2232 1663 2276 percenseamus,

233 2298 323 2340 quo
357 2284 600 2340 utrumque
638 2283 846 2326 nostrum
885 2281 1146 2326 testimonio
1189 2281 1383 2335 ornaris,
1423 2283 1475 2325 ut
1512 2296 1663 2325 amore

334 2397 356 2430 6
392 2393 555 2440 peracta
593 2393 763 2438 Ernest„
798 2393 984 2440 perorata
1020 2392 1040 2429 .9
1077 2393 1234 2439 Baehr„
1270 2404 1304 2430 v.
1334 2391 1484 2430 Burkh.
1512 2403 1552 2438 p.
1579 2394 1663 2429 179.

235 2447 280 2479 21
309 2455 361 2490 sq.
383 2443 536 2490 aliquid
562 2447 783 2491 corruptum
806 2447 923 2490 putat
949 2443 1172 2490 Bornecque
1197 2454 1235 2490 p.
1255 2444 1342 2480 225.
1456 2445 1503 2479 26
1530 2442 1664 2489 gratia

235 2493 347 2531 celer.
371 2494 526 2540 Baehr„
553 2506 588 2531 v.
614 2494 667 2531 ad
688 2505 730 2540 p.
752 2496 841 2539 396,
866 2495 927 2531 28.
1078 2496 1125 2530 30
1151 2493 1300 2540 desper.
1323 2492 1366 2528 in
1392 2491 1495 2529 taed.
1517 2492 1660 2530 Baehr.

236 2547 281 2582 31
310 2543 492 2582 vertisset
518 2543 623 2583 BB'
636 2545 680 2592 V,
705 2544 850 2581 Baehr.
