1630 2678
0 0 25 62 g
228 42 234 47 ³
397 15 399 18 -
572 0 640 41 1

4 60 19 95 ”“
507 93 861 131 Ems'rmnun
887 93 921 130 v
948 97 1006 140 13,
1034 98 1091 132 14.
1406 97 1492 142 137

0 174 10 227 3
659 209 767 250 XIV.
802 207 927 262 [xv]
942 206 1098 266 stam„
1112 237 1169 267 ,s
1179 231 1325 269 amm
1338 227 1380 299 ff

322 295 583 331 amamus
608 297 795 331 PONTIO
821 297 1074 332 ALLIFANO
1103 297 1198 332 sno
1226 273 1538 362 affigi-&5

2 412 12 434 z
187 374 460 422 Secesseram
487 378 534 421 in
560 378 865 435 municipium,
897 393 998 422 cum
1025 378 1134 422 mihi
1153 379 1404 423 nuntiatum
1426 381 1494 423 est
1520 391 1538 423 1

0 444 7 474 ἒ
72 435 339 483 -Ccrnutum
380 437 628 482 Tertullum
671 440 890 496 accepisse
931 439 1148 483 Aemiliae
1192 440 1288 484 viae
1329 454 1492 484 curam.

0 477 14 561 ᾗ
43 519 63 548 ⁸
91 498 352 556 Exprimere
389 515 480 543 non
521 515 721 557 possum,
764 504 930 557 quanto
970 502 1052 545 sim
1091 501 1253 559 gaudio
1293 501 1491 546 adfectus
1518 513 1540 546 2

92 563 139 605 et
167 561 308 618 ipsius
341 564 386 605 et
416 576 515 605 meo
547 562 739 617 nomine,
771 562 932 618 ipsius,
964 563 1101 619 quod,
1134 563 1192 606 sit
1222 563 1347 619 licet,
1378 563 1493 607 sicut

91 623 171 679 eet,
202 621 258 666 ab
291 622 413 666 omni
439 623 679 666 ambitione
710 623 844 681 longe
869 627 1084 680 remotus,
1116 624 1246 667 debet
1270 626 1421 668 tamen
1451 624 1492 668 ei

0 716 7 730 ,-
90 682 310 728 iucundus
341 683 486 728 honor
516 699 611 728 esse
642 685 760 727 ultro
794 685 934 740 datus,
966 700 1080 740 meo,
1113 685 1231 742 quod
1263 685 1491 741 aliquanto

90 744 233 803 magis
265 759 336 789 me
367 745 555 789 delectat
587 745 842 789 mandatum
875 746 985 789 mihi
1011 746 1224 802 officium,
1254 750 1492 803 postquam

0 824 67 866 μο
89 819 172 863 par
203 804 400 850 Cornuto
440 806 591 850 datum
623 807 763 850 video.
826 806 984 864 Neque
1017 807 1134 850 enim
1167 808 1318 865 augeri
1350 808 1492 866 digni·
1516 819 1539 853 8

0 871 10 919 {⁷
92 869 184 911 tate
210 881 343 924 quam
375 868 554 924 aequari
586 868 714 912 bonis
741 869 922 926 gratius·
987 867 1183 912 Cornuto
1210 871 1357 912 autem
1385 868 1492 926 quid

90 928 260 984 melius,
292 928 398 986 quid
431 929 646 985 sanctius,
683 930 789 986 quid
821 930 868 973 in
907 930 1028 973 omni
1063 945 1223 988 genere
1260 931 1404 974 laudis
1436 929 1493 973 ad

0 1001 6 1030 ι
89 989 316 1047 exemplar
361 990 638 1047 antiquitatis
687 991 966 1047 expressius?
1025 992 1142 1048 quod
1188 991 1298 1035 mihi
1343 991 1491 1049 cogni-

0 1052 4 1084 ἴ
87 1052 186 1095 tum
218 1053 286 1095 est
315 1065 407 1095 non
438 1051 575 1108 fama,
614 1066 701 1108 qua
732 1052 900 1109 alioqui
933 1053 1102 1109 optima
1134 1055 1178 1096 et
1209 1053 1492 1097 meritissima

0 1115 9 1170 '³
27 1130 63 1159 u
87 1111 263 1168 fruitur,
294 1111 371 1156 sed
400 1113 548 1171 longis
581 1114 842 1171 magnisque
874 1114 1196 1171 experimentis.
1259 1113 1361 1158 Una
1393 1114 1490 1157 dili·
1514 1125 1538 1158 4

23 1214 26 1216 ,
87 1172 254 1231 gimus,
290 1189 380 1217 una
416 1173 651 1218 dileximus
691 1189 844 1218 omnes
883 1175 992 1230 fere,
1031 1190 1141 1232 quos
1181 1178 1300 1219 aetas
1338 1178 1491 1219 nostra

0 1235 9 1261 ἰ
87 1233 149 1294 ἰη-
165 1236 355 1292 utroque
388 1250 495 1279 sexu
532 1236 816 1279 aemulandos
854 1236 977 1292 tulit3
1016 1252 1127 1293 quae
1166 1237 1352 1280 societas
1386 1237 1490 1280 ami-

87 1295 292 1340 citiarum
324 1296 544 1340 artissima
575 1312 656 1341 nos
689 1298 990 1341 familiaritate
1022 1298 1264 1341 coniunxit.
1327 1296 1533 1341 Acces-‘5

0 1367 6 1391 ῑ
88 1356 148 1401 sit
184 1356 411 1402 vinculum
442 1359 780 1402 necessitudinis
813 1359 1032 1415 publicae3
1070 1359 1186 1402 idem
1219 1358 1335 1402 enim
1367 1359 1490 1413 mihi,

0 1421 63 1493 {a
86 1420 139 1462 ut
181 1417 286 1474 scis,
339 1419 511 1478 collega
568 1420 694 1476 quasi
744 1423 849 1463 voto
905 1420 1070 1476 petitus
1115 1421 1162 1463 in
1212 1420 1490 1477 praefectura

0 1500 1 1507 ¹
86 1479 243 1524 aerarii
273 1479 380 1537 fuit,
419 1480 507 1524 fuit
539 1484 583 1524 et
621 1481 666 1524 in
700 1482 944 1525 consulatu.
1009 1481 1123 1525 Tum
1162 1496 1264 1540 ego,
1307 1481 1383 1538 qui
1421 1481 1489 1525 vir

0 1574 3 1582 .
87 1542 132 1585 et
172 1543 364 1598 quantus
406 1545 538 1598 esset,
579 1543 792 1586 altissime
831 1542 1016 1599 inspexi,
1057 1557 1156 1586 cum
1196 1557 1400 1600 sequerer
1437 1544 1489 1586 ut

0 1607 6 1614 ¹
84 1602 359 1661 magistrum,
390 1606 442 1647 ut
467 1606 693 1660 parentem
719 1619 903 1660 vererer,
936 1603 1054 1660 quod
1086 1619 1177 1648 non
1207 1606 1299 1647 tam
1331 1604 1487 1647 aetatis

0 1658 8 1711 ἱ
85 1664 339 1708 maturitate
382 1679 514 1721 quam
556 1665 672 1708 vitae
715 1664 976 1708 merebatur.
1039 1663 1123 1709 His
1161 1680 1215 1709 ex
1253 1665 1396 1709 causis
1438 1667 1489 1708 ut
1514 1674 1536 1707 6

0 1742 60 1772 ,ιι
86 1724 155 1768 illi
179 1724 243 1769 sic
268 1724 379 1768 mihi
405 1726 606 1783 gratulor
631 1740 712 1769 nec
738 1725 946 1783 privatim
973 1727 1114 1784 magis
1141 1741 1273 1784 quam
1299 1726 1487 1784 publice,

88 1785 207 1842 quod
233 1786 410 1830 tandem
437 1787 637 1830 homines
669 1802 760 1830 non
786 1787 840 1830 ad
867 1787 1063 1844 pericula
1088 1790 1138 1831 ut
1162 1788 1303 1845 prius,
1334 1803 1486 1831 verum

86 1846 142 1890 ad
185 1846 376 1891 honores
417 1848 581 1891 virtute
622 1849 895 1904 perveniunt.
966 1847 1018 1892 In
1061 1849 1284 1893 infinitum
1326 1850 1490 1906 epistu-
1517 1857 1537 1890 7

0 1905 4 1938 ἱ
85 1907 175 1952 lam
207 1908 454 1964 extendam,
485 1909 523 1952 si
562 1924 659 1952 meo
699 1909 951 1968 indulgeam
990 1910 1164 1968 gaudio.
1229 1910 1488 1953 Praevertor

0 1942 9 2076 ἓ
85 1968 142 2013 ad
174 1983 249 2024 ea,
279 1983 390 2026 quae
423 1985 492 2013 me
525 1973 727 2028 agentem
760 1970 833 2015 hic
863 1972 1045 2015 nuntius
1079 1971 1376 2028 deprehendit.

25 2048 63 2078 ω
186 2029 320 2074 Eram
354 2045 453 2075 cum
487 2046 721 2087 prosocero
748 2047 861 2088 meo,
892 2047 1010 2076 eram
1038 2047 1138 2076 cum
1164 2033 1299 2076 amita
1324 2031 1487 2087 uxoris,
1513 2041 1535 2075 8

85 2105 205 2136 eram
239 2106 341 2136 cum
374 2092 526 2135 amicis
560 2092 634 2135 diu
669 2093 942 2147 desideratis,
982 2094 1268 2138 circumibam
1307 2093 1487 2151 agellos,

84 2152 315 2197 audiebam
369 2154 557 2197 multum
608 2154 869 2198 rusticarum
922 2156 1235 2212 querellarum,
1293 2155 1486 2198 rationes
1558 2184 1563 2188 -

10 2229 15 2235 ·
84 2213 285 2272 legebam
331 2215 495 2258 invitus
541 2217 585 2258 et
631 2216 792 2259 cursim
835 2214 952 2274 (aliis
998 2218 1115 2260 enim
1161 2216 1344 2273 chartis,
1388 2215 1485 2259 aliis

183 2325 205 2358 8
231 2321 403 2359 Allifano
423 2334 469 2359 ex
489 2323 538 2359 R.
640 2326 684 2359 18
706 2323 922 2370 exemplum
945 2325 1004 2369 M,
1026 2325 1076 2360 K.
1178 2328 1224 2360 22
1244 2324 1485 2371 inspexeram

86 2370 146 2408 M.
245 2374 293 2408 28
326 2372 470 2418 gaudio
497 2382 581 2407 meo
608 2371 754 2418 indulg.
781 2373 893 2420 vuly„
926 2384 1011 2410 meo
1044 2373 1191 2420 indulg.
1218 2373 1361 2420 gaudio
1389 2374 1486 2419 Hof-

85 2418 195 2457 acken·
215 2430 254 2467 p.
276 2423 335 2457 48.
363 2442 407 2448 -
436 2423 675 2466 praevertam
703 2422 779 2468 Dp
789 2434 819 2458 r.
