<?xml version="1.0" encoding="UTF-8"?>
<!DOCTYPE html PUBLIC "-//W3C//DTD XHTML 1.0 Transitional//EN"
    "http://www.w3.org/TR/xhtml1/DTD/xhtml1-transitional.dtd">
<html xmlns="http://www.w3.org/1999/xhtml" xml:lang="en" lang="en">
 <head>
  <title>
</title>
<meta http-equiv="Content-Type" content="text/html;charset=utf-8" />
  <meta name='ocr-system' content='tesseract 3.04.00' />
  <meta name='ocr-capabilities' content='ocr_page ocr_carea ocr_par ocr_line ocrx_word'/>
</head>
<body>
  <div class='ocr_page' id='page_1' title='image "./epistularumlibr00plin_0056.png"; bbox 0 0 1630 2678; ppageno 0'>
   <div class='ocr_carea' id='block_1_1' title="bbox 110 105 902 159">
    <p class='ocr_par' dir='ltr' id='par_1_1' title="bbox 110 105 902 159">
     <span class='ocr_line' id='line_1_1' title="bbox 110 105 902 159; baseline -0.006 -13"><span class='ocrx_word' id='word_1_1' title='bbox 110 114 171 159; x_wconf 84' lang='lat'><strong>40</strong></span> <span class='ocrx_word' id='word_1_2' title='bbox 705 106 742 144; x_wconf 77' lang='lat' dir='ltr'><strong>c,</strong></span> <span class='ocrx_word' id='word_1_3' title='bbox 770 105 902 142; x_wconf 77' lang='lat' dir='ltr'><strong>PLmI</strong></span> 
     </span>
    </p>
   </div>
   <div class='ocr_carea' id='block_1_2' title="bbox 63 215 1501 454">
    <p class='ocr_par' dir='ltr' id='par_1_2' title="bbox 63 215 1501 454">
     <span class='ocr_line' id='line_1_2' title="bbox 63 215 1499 280; baseline -0.008 -12"><span class='ocrx_word' id='word_1_4' title='bbox 63 234 86 267; x_wconf 89' lang='lat'>8</span> <span class='ocrx_word' id='word_1_5' title='bbox 112 227 157 268; x_wconf 90' lang='lat' dir='ltr'><strong>et</strong></span> <span class='ocrx_word' id='word_1_6' title='bbox 188 222 393 280; x_wconf 92' lang='lat' dir='ltr'><strong>cupidum</strong></span> <span class='ocrx_word' id='word_1_7' title='bbox 427 220 635 264; x_wconf 78' lang='lat' dir='ltr'>ulteriora</span> <span class='ocrx_word' id='word_1_8' title='bbox 666 217 880 262; x_wconf 89' lang='lat' dir='ltr'><strong>audiendi.</strong></span> <span class='ocrx_word' id='word_1_9' title='bbox 931 215 1030 260; x_wconf 89' lang='lat' dir='ltr'><strong>Hoc</strong></span> <span class='ocrx_word' id='word_1_10' title='bbox 1061 215 1207 258; x_wconf 89' lang='lat' dir='ltr'><strong>fructu</strong></span> <span class='ocrx_word' id='word_1_11' title='bbox 1233 215 1378 270; x_wconf 80' lang='lat' dir='ltr'><strong>tanto,</strong></span> <span class='ocrx_word' id='word_1_12' title='bbox 1409 215 1499 258; x_wconf 84' lang='lat' dir='ltr'><strong>tam</strong></span> 
     </span>
     <span class='ocr_line' id='line_1_3' title="bbox 112 273 1501 342; baseline -0.006 -14"><span class='ocrx_word' id='word_1_13' title='bbox 112 287 263 342; x_wconf 88' lang='lat' dir='ltr'><strong>parato</strong></span> <span class='ocrx_word' id='word_1_14' title='bbox 297 283 444 326; x_wconf 90' lang='lat' dir='ltr'><strong>desine</strong></span> <span class='ocrx_word' id='word_1_15' title='bbox 478 281 620 325; x_wconf 89' lang='lat' dir='ltr'><strong>studia</strong></span> <span class='ocrx_word' id='word_1_16' title='bbox 651 282 728 323; x_wconf 88' lang='lat' dir='ltr'><strong>tua</strong></span> <span class='ocrx_word' id='word_1_17' title='bbox 759 279 932 321; x_wconf 89' lang='lat' dir='ltr'><strong>infinita</strong></span> <span class='ocrx_word' id='word_1_18' title='bbox 963 277 1049 320; x_wconf 88' lang='lat' dir='ltr'><strong>ista</strong></span> <span class='ocrx_word' id='word_1_19' title='bbox 1080 275 1361 320; x_wconf 74' lang='lat' dir='ltr'><strong>cunctatione</strong></span> <span class='ocrx_word' id='word_1_20' title='bbox 1385 273 1501 320; x_wconf 83' lang='lat' dir='ltr'><strong>frau-</strong></span> 
     </span>
     <span class='ocr_line' id='line_1_4' title="bbox 112 337 1501 400; baseline -0.007 -11"><span class='ocrx_word' id='word_1_21' title='bbox 112 346 231 400; x_wconf 82' lang='lat' dir='ltr'><strong>dare3</strong></span> <span class='ocrx_word' id='word_1_22' title='bbox 283 358 392 400; x_wconf 88' lang='lat' dir='ltr'><strong>quae</strong></span> <span class='ocrx_word' id='word_1_23' title='bbox 432 357 529 386; x_wconf 89' lang='lat' dir='ltr'><strong>cum</strong></span> <span class='ocrx_word' id='word_1_24' title='bbox 572 340 749 384; x_wconf 92' lang='lat' dir='ltr'><strong>modum</strong></span> <span class='ocrx_word' id='word_1_25' title='bbox 796 338 984 394; x_wconf 75' lang='lat' dir='ltr'><strong>excedit,</strong></span> <span class='ocrx_word' id='word_1_26' title='bbox 1028 337 1264 380; x_wconf 87' lang='lat' dir='ltr'><strong>verendum</strong></span> <span class='ocrx_word' id='word_1_27' title='bbox 1311 338 1398 392; x_wconf 87' lang='lat' dir='ltr'><strong>est,</strong></span> <span class='ocrx_word' id='word_1_28' title='bbox 1444 349 1501 380; x_wconf 81' lang='lat' dir='ltr'><strong>ne</strong></span> 
     </span>
     <span class='ocr_line' id='line_1_5' title="bbox 113 397 1501 454; baseline -0.006 -5"><span class='ocrx_word' id='word_1_29' title='bbox 113 406 293 449; x_wconf 85' lang='lat' dir='ltr'><strong>inertiae</strong></span> <span class='ocrx_word' id='word_1_30' title='bbox 325 407 368 447; x_wconf 87' lang='lat' dir='ltr'><strong>et</strong></span> <span class='ocrx_word' id='word_1_31' title='bbox 406 403 591 446; x_wconf 83' lang='lat' dir='ltr'><strong>desidiae</strong></span> <span class='ocrx_word' id='word_1_32' title='bbox 634 402 702 444; x_wconf 88' lang='lat' dir='ltr'><strong>vel</strong></span> <span class='ocrx_word' id='word_1_33' title='bbox 744 401 876 444; x_wconf 91' lang='lat' dir='ltr'><strong>etiam</strong></span> <span class='ocrx_word' id='word_1_34' title='bbox 915 398 1165 454; x_wconf 79' lang='lat' dir='ltr'><strong>timiditatis</strong></span> <span class='ocrx_word' id='word_1_35' title='bbox 1196 412 1362 441; x_wconf 88' lang='lat' dir='ltr'><strong>nomen</strong></span> <span class='ocrx_word' id='word_1_36' title='bbox 1392 397 1501 442; x_wconf 86' lang='lat' dir='ltr'><strong>acci-</strong></span> 
     </span>
    </p>
   </div>
   <div class='ocr_carea' id='block_1_3' title="bbox 67 465 1538 764">
    <p class='ocr_par' dir='ltr' id='par_1_3' title="bbox 67 465 1538 764">
     <span class='ocr_line' id='line_1_6' title="bbox 113 465 1538 524; baseline -0.006 -14"><span class='ocrx_word' id='word_1_37' title='bbox 113 467 215 524; x_wconf 83' lang='lat' dir='ltr'><strong>piat.</strong></span> <span class='ocrx_word' id='word_1_38' title='bbox 279 465 397 508; x_wconf 83' lang='lat' dir='ltr'><strong>Vale.</strong></span> <span class='ocrx_word' id='word_1_39' title='bbox 1521 474 1538 502; x_wconf 71' lang='grc' dir='ltr'><strong>ο</strong></span> 
     </span>
     <span class='ocr_line' id='line_1_7' title="bbox 101 563 842 630; baseline -0.005 -25"><span class='ocrx_word' id='word_1_40' title='bbox 101 586 135 630; x_wconf 54' lang='lat' dir='ltr'>x</span> <span class='ocrx_word' id='word_1_41' title='bbox 772 563 842 602; x_wconf 88' lang='lat' dir='ltr'><strong>XI.</strong></span> 
     </span>
     <span class='ocr_line' id='line_1_8' title="bbox 461 635 1153 672; baseline -0.003 -1"><span class='ocrx_word' id='word_1_42' title='bbox 461 639 502 672; x_wconf 84' lang='lat' dir='ltr'><strong>C.</strong></span> <span class='ocrx_word' id='word_1_43' title='bbox 523 638 722 671; x_wconf 78' lang='lat' dir='ltr'>PLINIUS</span> <span class='ocrx_word' id='word_1_44' title='bbox 749 636 967 670; x_wconf 83' lang='lat' dir='ltr'>ARRIANO</span> <span class='ocrx_word' id='word_1_45' title='bbox 996 635 1088 669; x_wconf 82' lang='lat' dir='ltr'><strong>SUO</strong></span> <span class='ocrx_word' id='word_1_46' title='bbox 1116 635 1153 669; x_wconf 81' lang='lat' dir='ltr'><strong>S.</strong></span> 
     </span>
     <span class='ocr_line' id='line_1_9' title="bbox 67 702 1504 764; baseline -0.004 -12"><span class='ocrx_word' id='word_1_47' title='bbox 67 719 84 751; x_wconf 94' lang='lat'><strong>1</strong></span> <span class='ocrx_word' id='word_1_48' title='bbox 211 707 331 751; x_wconf 87' lang='lat' dir='ltr'><strong>Solet</strong></span> <span class='ocrx_word' id='word_1_49' title='bbox 363 722 456 750; x_wconf 89' lang='lat' dir='ltr'><strong>esse</strong></span> <span class='ocrx_word' id='word_1_50' title='bbox 489 706 649 764; x_wconf 87' lang='lat' dir='ltr'><strong>gaudio</strong></span> <span class='ocrx_word' id='word_1_51' title='bbox 682 705 783 761; x_wconf 91' lang='lat' dir='ltr'><strong>tibi,</strong></span> <span class='ocrx_word' id='word_1_52' title='bbox 816 705 853 748; x_wconf 87' lang='lat' dir='ltr'><strong>si</strong></span> <span class='ocrx_word' id='word_1_53' title='bbox 880 704 984 761; x_wconf 90' lang='lat' dir='ltr'><strong>quid</strong></span> <span class='ocrx_word' id='word_1_54' title='bbox 1011 706 1157 747; x_wconf 87' lang='lat' dir='ltr'><strong>actum</strong></span> <span class='ocrx_word' id='word_1_55' title='bbox 1184 705 1251 747; x_wconf 91' lang='lat' dir='ltr'><strong>est</strong></span> <span class='ocrx_word' id='word_1_56' title='bbox 1282 702 1330 746; x_wconf 88' lang='lat' dir='ltr'><strong>in</strong></span> <span class='ocrx_word' id='word_1_57' title='bbox 1349 704 1504 747; x_wconf 83' lang='lat' dir='ltr'><strong>senatu</strong></span> 
     </span>
    </p>
   </div>
   <div class='ocr_carea' id='block_1_4' title="bbox 16 764 1623 2464">
    <p class='ocr_par' dir='ltr' id='par_1_4' title="bbox 114 764 1623 1005">
     <span class='ocr_line' id='line_1_10' title="bbox 114 764 1504 827; baseline -0.004 -15"><span class='ocrx_word' id='word_1_58' title='bbox 114 770 294 827; x_wconf 86' lang='lat' dir='ltr'><strong>dignum</strong></span> <span class='ocrx_word' id='word_1_59' title='bbox 329 768 479 811; x_wconf 89' lang='lat' dir='ltr'><strong>ordine</strong></span> <span class='ocrx_word' id='word_1_60' title='bbox 518 767 607 811; x_wconf 81' lang='lat' dir='ltr'><strong>ino.</strong></span> <span class='ocrx_word' id='word_1_61' title='bbox 672 766 879 818; x_wconf 87' lang='lat' dir='ltr'><strong>Quamvis</strong></span> <span class='ocrx_word' id='word_1_62' title='bbox 913 766 1028 808; x_wconf 92' lang='lat' dir='ltr'><strong>enim</strong></span> <span class='ocrx_word' id='word_1_63' title='bbox 1063 764 1225 822; x_wconf 89' lang='lat' dir='ltr'><strong>quietis</strong></span> <span class='ocrx_word' id='word_1_64' title='bbox 1257 778 1408 808; x_wconf 86' lang='lat' dir='ltr'><strong>amore</strong></span> <span class='ocrx_word' id='word_1_65' title='bbox 1439 777 1504 808; x_wconf 86' lang='lat' dir='ltr'><strong>se-</strong></span> 
     </span>
     <span class='ocr_line' id='line_1_11' title="bbox 114 823 1623 886; baseline -0.003 -13"><span class='ocrx_word' id='word_1_66' title='bbox 114 829 308 886; x_wconf 81' lang='lat' dir='ltr'><strong>cesseris,</strong></span> <span class='ocrx_word' id='word_1_67' title='bbox 348 828 510 872; x_wconf 85' lang='lat' dir='ltr'><strong>insidet</strong></span> <span class='ocrx_word' id='word_1_68' title='bbox 548 831 693 871; x_wconf 91' lang='lat' dir='ltr'><strong>tamen</strong></span> <span class='ocrx_word' id='word_1_69' title='bbox 732 827 877 870; x_wconf 89' lang='lat' dir='ltr'><strong>animo</strong></span> <span class='ocrx_word' id='word_1_70' title='bbox 911 829 988 869; x_wconf 92' lang='lat' dir='ltr'><strong>tuo</strong></span> <span class='ocrx_word' id='word_1_71' title='bbox 1021 825 1263 869; x_wconf 85' lang='lat' dir='ltr'><strong>maiestatis</strong></span> <span class='ocrx_word' id='word_1_72' title='bbox 1301 824 1506 883; x_wconf 84' lang='lat' dir='ltr'><strong>publicae</strong></span> <span class='ocrx_word' id='word_1_73' title='bbox 1530 841 1567 869; x_wconf 82' lang='lat'><strong>10</strong></span> <span class='ocrx_word' id='word_1_74' title='bbox 1618 823 1623 827; x_wconf 75' lang='grc'><strong>”</strong></span> 
     </span>
     <span class='ocr_line' id='line_1_12' title="bbox 114 887 1507 946; baseline -0.003 -12"><span class='ocrx_word' id='word_1_75' title='bbox 114 906 226 934; x_wconf 87' lang='lat' dir='ltr'><strong>cura.</strong></span> <span class='ocrx_word' id='word_1_76' title='bbox 290 889 454 946; x_wconf 89' lang='lat' dir='ltr'><strong>Accipe</strong></span> <span class='ocrx_word' id='word_1_77' title='bbox 487 904 610 946; x_wconf 89' lang='lat' dir='ltr'><strong>ergo,</strong></span> <span class='ocrx_word' id='word_1_78' title='bbox 645 889 760 945; x_wconf 90' lang='lat' dir='ltr'><strong>quod</strong></span> <span class='ocrx_word' id='word_1_79' title='bbox 792 903 870 945; x_wconf 89' lang='lat' dir='ltr'><strong>per</strong></span> <span class='ocrx_word' id='word_1_80' title='bbox 900 888 980 931; x_wconf 91' lang='lat' dir='ltr'><strong>hos</strong></span> <span class='ocrx_word' id='word_1_81' title='bbox 1014 887 1105 930; x_wconf 91' lang='lat' dir='ltr'><strong>dies</strong></span> <span class='ocrx_word' id='word_1_82' title='bbox 1132 889 1278 931; x_wconf 88' lang='lat' dir='ltr'><strong>actum</strong></span> <span class='ocrx_word' id='word_1_83' title='bbox 1313 889 1381 930; x_wconf 89' lang='lat' dir='ltr'><strong>est</strong></span> <span class='ocrx_word' id='word_1_84' title='bbox 1410 901 1507 944; x_wconf 85' lang='lat' dir='ltr'><strong>per-</strong></span> 
     </span>
     <span class='ocr_line' id='line_1_13' title="bbox 114 947 1508 1005; baseline -0.003 -10"><span class='ocrx_word' id='word_1_85' title='bbox 114 967 244 995; x_wconf 85' lang='lat' dir='ltr'><strong>sonae</strong></span> <span class='ocrx_word' id='word_1_86' title='bbox 286 951 482 994; x_wconf 88' lang='lat' dir='ltr'><strong>claritate</strong></span> <span class='ocrx_word' id='word_1_87' title='bbox 529 950 766 1005; x_wconf 87' lang='lat' dir='ltr'><strong>famosum,</strong></span> <span class='ocrx_word' id='word_1_88' title='bbox 810 949 1039 992; x_wconf 86' lang='lat' dir='ltr'><strong>severitate</strong></span> <span class='ocrx_word' id='word_1_89' title='bbox 1084 948 1274 1005; x_wconf 90' lang='lat' dir='ltr'><strong>exempli</strong></span> <span class='ocrx_word' id='word_1_90' title='bbox 1319 947 1508 1004; x_wconf 85' lang='lat' dir='ltr'><strong>salubre,</strong></span> 
     </span>
    </p>

    <p class='ocr_par' dir='ltr' id='par_1_5' title="bbox 66 1007 1568 1432">
     <span class='ocr_line' id='line_1_14' title="bbox 66 1007 1508 1069; baseline -0.001 -16"><span class='ocrx_word' id='word_1_91' title='bbox 66 1022 86 1053; x_wconf 78' lang='grc'>2</span> <span class='ocrx_word' id='word_1_92' title='bbox 114 1013 175 1055; x_wconf 92' lang='lat' dir='ltr'><strong>rei</strong></span> <span class='ocrx_word' id='word_1_93' title='bbox 214 1011 514 1069; x_wconf 86' lang='lat' dir='ltr'><strong>magnitudine</strong></span> <span class='ocrx_word' id='word_1_94' title='bbox 553 1014 787 1054; x_wconf 89' lang='lat' dir='ltr'><strong>aeternum.</strong></span> <span class='ocrx_word' id='word_1_95' title='bbox 851 1010 1015 1053; x_wconf 81' lang='lat' dir='ltr'><strong>Marius</strong></span> <span class='ocrx_word' id='word_1_96' title='bbox 1054 1009 1231 1053; x_wconf 81' lang='lat' dir='ltr'><strong>Priscus</strong></span> <span class='ocrx_word' id='word_1_97' title='bbox 1265 1007 1508 1052; x_wconf 86' lang='lat' dir='ltr'><strong>accusanti-</strong></span> 
     </span>
     <span class='ocr_line' id='line_1_15' title="bbox 114 1069 1507 1129; baseline -0.001 -14"><span class='ocrx_word' id='word_1_98' title='bbox 114 1073 194 1116; x_wconf 90' lang='lat' dir='ltr'><strong>bus</strong></span> <span class='ocrx_word' id='word_1_99' title='bbox 226 1072 366 1129; x_wconf 90' lang='lat' dir='ltr'><strong>Afris,</strong></span> <span class='ocrx_word' id='word_1_100' title='bbox 405 1071 563 1129; x_wconf 88' lang='lat' dir='ltr'><strong>quibus</strong></span> <span class='ocrx_word' id='word_1_101' title='bbox 596 1087 675 1128; x_wconf 92' lang='lat' dir='ltr'><strong>pro</strong></span> <span class='ocrx_word' id='word_1_102' title='bbox 709 1072 887 1115; x_wconf 84' lang='lat' dir='ltr'><strong>consule</strong></span> <span class='ocrx_word' id='word_1_103' title='bbox 919 1071 1129 1127; x_wconf 83' lang='lat' dir='ltr'><strong>praefuit,</strong></span> <span class='ocrx_word' id='word_1_104' title='bbox 1167 1069 1330 1115; x_wconf 83' lang='lat' dir='ltr'><strong>omissa</strong></span> <span class='ocrx_word' id='word_1_105' title='bbox 1361 1069 1507 1114; x_wconf 87' lang='lat' dir='ltr'><strong>defen-</strong></span> 
     </span>
     <span class='ocr_line' id='line_1_16' title="bbox 115 1130 1568 1191; baseline -0.002 -14"><span class='ocrx_word' id='word_1_106' title='bbox 115 1135 235 1177; x_wconf 86' lang='lat' dir='ltr'><strong>sione</strong></span> <span class='ocrx_word' id='word_1_107' title='bbox 267 1133 430 1177; x_wconf 89' lang='lat' dir='ltr'><strong>iudices</strong></span> <span class='ocrx_word' id='word_1_108' title='bbox 462 1133 600 1189; x_wconf 91' lang='lat' dir='ltr'><strong>petiit.</strong></span> <span class='ocrx_word' id='word_1_109' title='bbox 663 1132 760 1191; x_wconf 86' lang='lat' dir='ltr'><strong>Ego</strong></span> <span class='ocrx_word' id='word_1_110' title='bbox 800 1135 843 1176; x_wconf 92' lang='lat' dir='ltr'><strong>et</strong></span> <span class='ocrx_word' id='word_1_111' title='bbox 876 1131 1102 1175; x_wconf 84' lang='lat' dir='ltr'><strong>Cornelius</strong></span> <span class='ocrx_word' id='word_1_112' title='bbox 1145 1131 1323 1176; x_wconf 84' lang='lat' dir='ltr'><strong>Tacitus</strong></span> <span class='ocrx_word' id='word_1_113' title='bbox 1355 1130 1507 1175; x_wconf 81' lang='lat' dir='ltr'><strong>adesse</strong></span> <span class='ocrx_word' id='word_1_114' title='bbox 1533 1145 1568 1175; x_wconf 71' lang='grc' dir='ltr'><strong>ιε</strong></span> 
     </span>
     <span class='ocr_line' id='line_1_17' title="bbox 115 1193 1508 1251; baseline -0.001 -14"><span class='ocrx_word' id='word_1_115' title='bbox 115 1194 457 1251; x_wconf 83' lang='lat' dir='ltr'><strong>provincialibus</strong></span> <span class='ocrx_word' id='word_1_116' title='bbox 501 1194 608 1237; x_wconf 91' lang='lat' dir='ltr'><strong>iussi</strong></span> <span class='ocrx_word' id='word_1_117' title='bbox 650 1194 994 1237; x_wconf 84' lang='lat' dir='ltr'><strong>existimavimus</strong></span> <span class='ocrx_word' id='word_1_118' title='bbox 1036 1193 1139 1236; x_wconf 86' lang='lat' dir='ltr'><strong>fidei</strong></span> <span class='ocrx_word' id='word_1_119' title='bbox 1185 1194 1364 1236; x_wconf 87' lang='lat' dir='ltr'><strong>nostrae</strong></span> <span class='ocrx_word' id='word_1_120' title='bbox 1405 1206 1508 1236; x_wconf 90' lang='lat' dir='ltr'><strong>con-</strong></span> 
     </span>
     <span class='ocr_line' id='line_1_18' title="bbox 116 1253 1509 1305; baseline -0.001 -7"><span class='ocrx_word' id='word_1_121' title='bbox 116 1255 261 1298; x_wconf 85' lang='lat' dir='ltr'><strong>venire</strong></span> <span class='ocrx_word' id='word_1_122' title='bbox 300 1258 453 1299; x_wconf 87' lang='lat' dir='ltr'><strong>notum</strong></span> <span class='ocrx_word' id='word_1_123' title='bbox 495 1256 665 1298; x_wconf 90' lang='lat' dir='ltr'><strong>senatui</strong></span> <span class='ocrx_word' id='word_1_124' title='bbox 696 1255 836 1298; x_wconf 87' lang='lat' dir='ltr'><strong>facere</strong></span> <span class='ocrx_word' id='word_1_125' title='bbox 869 1255 1104 1298; x_wconf 85' lang='lat' dir='ltr'><strong>excessisse</strong></span> <span class='ocrx_word' id='word_1_126' title='bbox 1137 1253 1338 1298; x_wconf 91' lang='lat' dir='ltr'><strong>Priscum</strong></span> <span class='ocrx_word' id='word_1_127' title='bbox 1368 1253 1509 1305; x_wconf 81' lang='lat' dir='ltr'><strong>inma-</strong></span> 
     </span>
     <span class='ocr_line' id='line_1_19' title="bbox 115 1315 1507 1372; baseline 0 -14"><span class='ocrx_word' id='word_1_128' title='bbox 115 1317 251 1359; x_wconf 86' lang='lat' dir='ltr'><strong>nitate</strong></span> <span class='ocrx_word' id='word_1_129' title='bbox 284 1319 327 1359; x_wconf 90' lang='lat' dir='ltr'><strong>et</strong></span> <span class='ocrx_word' id='word_1_130' title='bbox 359 1316 539 1359; x_wconf 84' lang='lat' dir='ltr'><strong>saevitia</strong></span> <span class='ocrx_word' id='word_1_131' title='bbox 571 1316 771 1372; x_wconf 85' lang='lat' dir='ltr'><strong>crimina,</strong></span> <span class='ocrx_word' id='word_1_132' title='bbox 805 1316 963 1371; x_wconf 89' lang='lat' dir='ltr'><strong>quibus</strong></span> <span class='ocrx_word' id='word_1_133' title='bbox 990 1315 1084 1359; x_wconf 89' lang='lat' dir='ltr'><strong>dari</strong></span> <span class='ocrx_word' id='word_1_134' title='bbox 1116 1315 1281 1359; x_wconf 85' lang='lat' dir='ltr'><strong>iudices</strong></span> <span class='ocrx_word' id='word_1_135' title='bbox 1313 1316 1507 1372; x_wconf 78' lang='lat' dir='ltr'><strong>possent,</strong></span> 
     </span>
     <span class='ocr_line' id='line_1_20' title="bbox 117 1375 1509 1432; baseline 0 -13"><span class='ocrx_word' id='word_1_136' title='bbox 117 1391 214 1420; x_wconf 89' lang='lat' dir='ltr'><strong>cum</strong></span> <span class='ocrx_word' id='word_1_137' title='bbox 242 1377 296 1419; x_wconf 93' lang='lat' dir='ltr'><strong>ob</strong></span> <span class='ocrx_word' id='word_1_138' title='bbox 323 1377 573 1420; x_wconf 89' lang='lat' dir='ltr'><strong>innocentes</strong></span> <span class='ocrx_word' id='word_1_139' title='bbox 602 1377 976 1432; x_wconf 89' lang='lat' dir='ltr'><strong>condemnandos,</strong></span> <span class='ocrx_word' id='word_1_140' title='bbox 1008 1375 1334 1420; x_wconf 87' lang='lat' dir='ltr'><strong>interficiendos</strong></span> <span class='ocrx_word' id='word_1_141' title='bbox 1361 1375 1509 1432; x_wconf 89' lang='lat' dir='ltr'><strong>etiam,</strong></span> 
     </span>
    </p>

    <p class='ocr_par' dir='ltr' id='par_1_6' title="bbox 71 1436 1569 1677">
     <span class='ocr_line' id='line_1_21' title="bbox 71 1436 1569 1494; baseline -0.003 -10"><span class='ocrx_word' id='word_1_142' title='bbox 71 1452 91 1484; x_wconf 81' lang='grc'><strong>3</strong></span> <span class='ocrx_word' id='word_1_143' title='bbox 117 1438 321 1493; x_wconf 84' lang='lat' dir='ltr'><strong>pecunias</strong></span> <span class='ocrx_word' id='word_1_144' title='bbox 361 1438 605 1493; x_wconf 89' lang='lat' dir='ltr'><strong>accepisset.</strong></span> <span class='ocrx_word' id='word_1_145' title='bbox 675 1438 920 1494; x_wconf 89' lang='lat' dir='ltr'><strong>Respondit</strong></span> <span class='ocrx_word' id='word_1_146' title='bbox 960 1437 1127 1481; x_wconf 88' lang='lat' dir='ltr'><strong>Fronto</strong></span> <span class='ocrx_word' id='word_1_147' title='bbox 1169 1436 1318 1481; x_wconf 86' lang='lat' dir='ltr'><strong>Catius</strong></span> <span class='ocrx_word' id='word_1_148' title='bbox 1357 1437 1507 1494; x_wconf 88' lang='lat' dir='ltr'><strong>depre-</strong></span> <span class='ocrx_word' id='word_1_149' title='bbox 1533 1451 1569 1479; x_wconf 72' lang='lat' dir='ltr'><strong>zo</strong></span> 
     </span>
     <span class='ocr_line' id='line_1_22' title="bbox 118 1498 1508 1557; baseline 0.001 -16"><span class='ocrx_word' id='word_1_150' title='bbox 118 1501 326 1554; x_wconf 77' lang='lat' dir='ltr'><strong>cetusque</strong></span> <span class='ocrx_word' id='word_1_151' title='bbox 358 1501 439 1554; x_wconf 85' lang='lat' dir='ltr'><strong>est,</strong></span> <span class='ocrx_word' id='word_1_152' title='bbox 470 1514 525 1541; x_wconf 90' lang='lat' dir='ltr'><strong>ne</strong></span> <span class='ocrx_word' id='word_1_153' title='bbox 558 1498 662 1555; x_wconf 91' lang='lat' dir='ltr'><strong>quid</strong></span> <span class='ocrx_word' id='word_1_154' title='bbox 694 1499 810 1542; x_wconf 89' lang='lat' dir='ltr'><strong>ultra</strong></span> <span class='ocrx_word' id='word_1_155' title='bbox 835 1499 1175 1556; x_wconf 89' lang='lat' dir='ltr'><strong>repetundarum</strong></span> <span class='ocrx_word' id='word_1_156' title='bbox 1201 1499 1346 1557; x_wconf 83' lang='lat' dir='ltr'><strong>legem</strong></span> <span class='ocrx_word' id='word_1_157' title='bbox 1378 1513 1508 1555; x_wconf 86' lang='lat' dir='ltr'><strong>quae-</strong></span> 
     </span>
     <span class='ocr_line' id='line_1_23' title="bbox 118 1559 1508 1615; baseline 0.002 -15"><span class='ocrx_word' id='word_1_158' title='bbox 118 1562 303 1613; x_wconf 86' lang='lat' dir='ltr'><strong>reretur,</strong></span> <span class='ocrx_word' id='word_1_159' title='bbox 336 1560 565 1615; x_wconf 82' lang='lat' dir='ltr'><strong>omniaque</strong></span> <span class='ocrx_word' id='word_1_160' title='bbox 604 1560 788 1603; x_wconf 85' lang='lat' dir='ltr'><strong>actionis</strong></span> <span class='ocrx_word' id='word_1_161' title='bbox 829 1575 930 1604; x_wconf 87' lang='lat' dir='ltr'><strong>suae</strong></span> <span class='ocrx_word' id='word_1_162' title='bbox 962 1560 1061 1603; x_wconf 80' lang='lat' dir='ltr'><strong>vela</strong></span> <span class='ocrx_word' id='word_1_163' title='bbox 1091 1560 1160 1602; x_wconf 84' lang='lat' dir='ltr'><strong>vir</strong></span> <span class='ocrx_word' id='word_1_164' title='bbox 1191 1559 1508 1603; x_wconf 82' lang='lat' dir='ltr'><strong>movendarum</strong></span> 
     </span>
     <span class='ocr_line' id='line_1_24' title="bbox 118 1619 1508 1677; baseline 0.002 -16"><span class='ocrx_word' id='word_1_165' title='bbox 118 1619 394 1662; x_wconf 89' lang='lat' dir='ltr'><strong>lacrimarum</strong></span> <span class='ocrx_word' id='word_1_166' title='bbox 436 1620 723 1674; x_wconf 86' lang='lat' dir='ltr'><strong>peritissimus</strong></span> <span class='ocrx_word' id='word_1_167' title='bbox 767 1621 956 1677; x_wconf 88' lang='lat' dir='ltr'><strong>quodam</strong></span> <span class='ocrx_word' id='word_1_168' title='bbox 996 1621 1119 1664; x_wconf 87' lang='lat' dir='ltr'><strong>velut</strong></span> <span class='ocrx_word' id='word_1_169' title='bbox 1155 1623 1288 1664; x_wconf 85' lang='lat' dir='ltr'><strong>vento</strong></span> <span class='ocrx_word' id='word_1_170' title='bbox 1331 1620 1508 1664; x_wconf 86' lang='lat' dir='ltr'><strong>misera-</strong></span> 
     </span>
    </p>

    <p class='ocr_par' dir='ltr' id='par_1_7' title="bbox 72 1680 1569 1860">
     <span class='ocr_line' id='line_1_25' title="bbox 72 1680 1508 1740; baseline 0.002 -18"><span class='ocrx_word' id='word_1_171' title='bbox 72 1694 94 1726; x_wconf 79' lang='lat'>4</span> <span class='ocrx_word' id='word_1_172' title='bbox 119 1680 252 1722; x_wconf 88' lang='lat' dir='ltr'><strong>tionis</strong></span> <span class='ocrx_word' id='word_1_173' title='bbox 280 1680 489 1736; x_wconf 88' lang='lat' dir='ltr'><strong>implevit.</strong></span> <span class='ocrx_word' id='word_1_174' title='bbox 539 1680 699 1738; x_wconf 86' lang='lat' dir='ltr'><strong>Magna</strong></span> <span class='ocrx_word' id='word_1_175' title='bbox 725 1683 966 1738; x_wconf 86' lang='lat' dir='ltr'><strong>contentio,</strong></span> <span class='ocrx_word' id='word_1_176' title='bbox 1000 1681 1148 1740; x_wconf 84' lang='lat' dir='ltr'><strong>magni</strong></span> <span class='ocrx_word' id='word_1_177' title='bbox 1174 1682 1397 1738; x_wconf 78' lang='lat' dir='ltr'><strong>utrimque</strong></span> <span class='ocrx_word' id='word_1_178' title='bbox 1423 1681 1508 1725; x_wconf 87' lang='lat' dir='ltr'><strong>cla-</strong></span> 
     </span>
     <span class='ocr_line' id='line_1_26' title="bbox 122 1741 1569 1801; baseline 0.002 -19"><span class='ocrx_word' id='word_1_179' title='bbox 122 1755 262 1783; x_wconf 90' lang='lat' dir='ltr'><strong>mores</strong></span> <span class='ocrx_word' id='word_1_180' title='bbox 295 1741 389 1783; x_wconf 91' lang='lat' dir='ltr'><strong>aliis</strong></span> <span class='ocrx_word' id='word_1_181' title='bbox 423 1742 715 1798; x_wconf 84' lang='lat' dir='ltr'><strong>cognitionem</strong></span> <span class='ocrx_word' id='word_1_182' title='bbox 749 1746 922 1786; x_wconf 86' lang='lat' dir='ltr'><strong>senatus</strong></span> <span class='ocrx_word' id='word_1_183' title='bbox 960 1744 1058 1801; x_wconf 89' lang='lat' dir='ltr'><strong>lege</strong></span> <span class='ocrx_word' id='word_1_184' title='bbox 1098 1743 1379 1799; x_wconf 88' lang='lat' dir='ltr'><strong>conclusam,</strong></span> <span class='ocrx_word' id='word_1_185' title='bbox 1409 1741 1507 1786; x_wconf 85' lang='lat' dir='ltr'><strong>aliis</strong></span> <span class='ocrx_word' id='word_1_186' title='bbox 1532 1755 1569 1785; x_wconf 74' lang='lat'><strong>25</strong></span> 
     </span>
     <span class='ocr_line' id='line_1_27' title="bbox 120 1800 1509 1860; baseline 0.004 -18"><span class='ocrx_word' id='word_1_187' title='bbox 120 1800 301 1843; x_wconf 91' lang='lat' dir='ltr'><strong>liberam</strong></span> <span class='ocrx_word' id='word_1_188' title='bbox 335 1802 609 1857; x_wconf 88' lang='lat' dir='ltr'><strong>solutamque</strong></span> <span class='ocrx_word' id='word_1_189' title='bbox 637 1802 893 1858; x_wconf 86' lang='lat' dir='ltr'><strong>dicentibus,</strong></span> <span class='ocrx_word' id='word_1_190' title='bbox 926 1807 1227 1860; x_wconf 86' lang='lat' dir='ltr'><strong>quantumque</strong></span> <span class='ocrx_word' id='word_1_191' title='bbox 1260 1803 1509 1848; x_wconf 85' lang='lat' dir='ltr'><strong>admisisset</strong></span> 
     </span>
    </p>

    <p class='ocr_par' dir='ltr' id='par_1_8' title="bbox 74 1863 1510 2044">
     <span class='ocr_line' id='line_1_28' title="bbox 74 1863 1509 1923; baseline 0.001 -17"><span class='ocrx_word' id='word_1_192' title='bbox 74 1874 94 1907; x_wconf 82' lang='lat'>5</span> <span class='ocrx_word' id='word_1_193' title='bbox 121 1877 242 1917; x_wconf 91' lang='lat' dir='ltr'><strong>reus,</strong></span> <span class='ocrx_word' id='word_1_194' title='bbox 273 1864 440 1904; x_wconf 87' lang='lat' dir='ltr'><strong>tantum</strong></span> <span class='ocrx_word' id='word_1_195' title='bbox 476 1863 795 1906; x_wconf 83' lang='lat' dir='ltr'><strong>vindicandum.</strong></span> <span class='ocrx_word' id='word_1_196' title='bbox 845 1864 1097 1908; x_wconf 85' lang='lat' dir='ltr'><strong>Novissime</strong></span> <span class='ocrx_word' id='word_1_197' title='bbox 1123 1866 1280 1909; x_wconf 88' lang='lat' dir='ltr'><strong>consul</strong></span> <span class='ocrx_word' id='word_1_198' title='bbox 1311 1865 1509 1923; x_wconf 83' lang='lat' dir='ltr'><strong>designa-</strong></span> 
     </span>
     <span class='ocr_line' id='line_1_29' title="bbox 121 1921 1509 1983; baseline 0.003 -19"><span class='ocrx_word' id='word_1_199' title='bbox 121 1924 192 1965; x_wconf 89' lang='lat' dir='ltr'><strong>tus</strong></span> <span class='ocrx_word' id='word_1_200' title='bbox 225 1921 363 1965; x_wconf 89' lang='lat' dir='ltr'><strong>Iulius</strong></span> <span class='ocrx_word' id='word_1_201' title='bbox 390 1921 548 1978; x_wconf 86' lang='lat' dir='ltr'><strong>Ferox,</strong></span> <span class='ocrx_word' id='word_1_202' title='bbox 580 1924 647 1965; x_wconf 88' lang='lat' dir='ltr'><strong>vir</strong></span> <span class='ocrx_word' id='word_1_203' title='bbox 677 1927 819 1967; x_wconf 88' lang='lat' dir='ltr'><strong>rectus</strong></span> <span class='ocrx_word' id='word_1_204' title='bbox 853 1928 896 1967; x_wconf 89' lang='lat' dir='ltr'><strong>et</strong></span> <span class='ocrx_word' id='word_1_205' title='bbox 929 1928 1126 1982; x_wconf 86' lang='lat' dir='ltr'><strong>sanctus,</strong></span> <span class='ocrx_word' id='word_1_206' title='bbox 1156 1926 1296 1970; x_wconf 87' lang='lat' dir='ltr'><strong>Mario</strong></span> <span class='ocrx_word' id='word_1_207' title='bbox 1330 1925 1509 1983; x_wconf 85' lang='lat' dir='ltr'><strong>quidem</strong></span> 
     </span>
     <span class='ocr_line' id='line_1_30' title="bbox 122 1982 1510 2044; baseline 0.004 -20"><span class='ocrx_word' id='word_1_208' title='bbox 122 1982 285 2026; x_wconf 87' lang='lat' dir='ltr'><strong>iudices</strong></span> <span class='ocrx_word' id='word_1_209' title='bbox 318 1983 489 2025; x_wconf 87' lang='lat' dir='ltr'><strong>interim</strong></span> <span class='ocrx_word' id='word_1_210' title='bbox 523 1985 691 2027; x_wconf 90' lang='lat' dir='ltr'><strong>censuit</strong></span> <span class='ocrx_word' id='word_1_211' title='bbox 724 1985 907 2041; x_wconf 88' lang='lat' dir='ltr'><strong>dandos,</strong></span> <span class='ocrx_word' id='word_1_212' title='bbox 939 1987 1183 2031; x_wconf 85' lang='lat' dir='ltr'><strong>evocandos</strong></span> <span class='ocrx_word' id='word_1_213' title='bbox 1216 1990 1382 2044; x_wconf 89' lang='lat' dir='ltr'><strong>autem,</strong></span> <span class='ocrx_word' id='word_1_214' title='bbox 1414 1985 1510 2043; x_wconf 86' lang='lat' dir='ltr'><strong>qui·</strong></span> 
     </span>
    </p>

    <p class='ocr_par' dir='ltr' id='par_1_9' title="bbox 16 2043 1571 2344">
     <span class='ocr_line' id='line_1_31' title="bbox 16 2043 1571 2102; baseline 0.003 -18"><span class='ocrx_word' id='word_1_215' title='bbox 16 2076 21 2081; x_wconf 81' lang='grc'><strong>.</strong></span> <span class='ocrx_word' id='word_1_216' title='bbox 74 2057 96 2090; x_wconf 81' lang='lat'><strong>6</strong></span> <span class='ocrx_word' id='word_1_217' title='bbox 123 2043 204 2086; x_wconf 89' lang='lat' dir='ltr'><strong>bus</strong></span> <span class='ocrx_word' id='word_1_218' title='bbox 247 2043 462 2086; x_wconf 88' lang='lat' dir='ltr'><strong>diceretur</strong></span> <span class='ocrx_word' id='word_1_219' title='bbox 506 2044 805 2088; x_wconf 90' lang='lat' dir='ltr'><strong>innocentium</strong></span> <span class='ocrx_word' id='word_1_220' title='bbox 849 2061 1012 2102; x_wconf 90' lang='lat' dir='ltr'><strong>poenas</strong></span> <span class='ocrx_word' id='word_1_221' title='bbox 1054 2047 1315 2092; x_wconf 86' lang='lat' dir='ltr'><strong>vendidisse.</strong></span> <span class='ocrx_word' id='word_1_222' title='bbox 1388 2045 1510 2099; x_wconf 85' lang='lat' dir='ltr'><strong>Quae</strong></span> <span class='ocrx_word' id='word_1_223' title='bbox 1533 2061 1571 2088; x_wconf 78' lang='grc' dir='ltr'>ω</span> 
     </span>
     <span class='ocr_line' id='line_1_32' title="bbox 122 2104 1509 2166; baseline 0.005 -20"><span class='ocrx_word' id='word_1_224' title='bbox 122 2104 338 2147; x_wconf 88' lang='lat' dir='ltr'><strong>sententia</strong></span> <span class='ocrx_word' id='word_1_225' title='bbox 363 2119 451 2146; x_wconf 91' lang='lat' dir='ltr'><strong>non</strong></span> <span class='ocrx_word' id='word_1_226' title='bbox 478 2106 720 2160; x_wconf 87' lang='lat' dir='ltr'><strong>praevaluit</strong></span> <span class='ocrx_word' id='word_1_227' title='bbox 746 2106 897 2162; x_wconf 92' lang='lat' dir='ltr'><strong>modo,</strong></span> <span class='ocrx_word' id='word_1_228' title='bbox 930 2108 1003 2150; x_wconf 89' lang='lat' dir='ltr'><strong>sed</strong></span> <span class='ocrx_word' id='word_1_229' title='bbox 1030 2109 1209 2152; x_wconf 90' lang='lat' dir='ltr'><strong>omnino</strong></span> <span class='ocrx_word' id='word_1_230' title='bbox 1235 2111 1339 2166; x_wconf 90' lang='lat' dir='ltr'><strong>post</strong></span> <span class='ocrx_word' id='word_1_231' title='bbox 1362 2110 1509 2152; x_wconf 74' lang='lat' dir='ltr'><strong>tantas</strong></span> 
     </span>
     <span class='ocr_line' id='line_1_33' title="bbox 123 2164 1510 2227; baseline 0.004 -21"><span class='ocrx_word' id='word_1_232' title='bbox 123 2164 412 2207; x_wconf 87' lang='lat' dir='ltr'><strong>dissensiones</strong></span> <span class='ocrx_word' id='word_1_233' title='bbox 451 2165 535 2208; x_wconf 89' lang='lat' dir='ltr'><strong>fuit</strong></span> <span class='ocrx_word' id='word_1_234' title='bbox 575 2166 667 2208; x_wconf 88' lang='lat' dir='ltr'><strong>sola</strong></span> <span class='ocrx_word' id='word_1_235' title='bbox 706 2166 920 2223; x_wconf 86' lang='lat' dir='ltr'><strong>frequens,</strong></span> <span class='ocrx_word' id='word_1_236' title='bbox 960 2169 1304 2226; x_wconf 85' lang='lat' dir='ltr'><strong>adnotatumque</strong></span> <span class='ocrx_word' id='word_1_237' title='bbox 1343 2169 1510 2227; x_wconf 88' lang='lat' dir='ltr'><strong>experi-</strong></span> 
     </span>
     <span class='ocr_line' id='line_1_34' title="bbox 123 2224 1510 2280; baseline 0.005 -12"><span class='ocrx_word' id='word_1_238' title='bbox 123 2225 299 2280; x_wconf 89' lang='lat' dir='ltr'><strong>mentis,</strong></span> <span class='ocrx_word' id='word_1_239' title='bbox 332 2224 447 2280; x_wconf 89' lang='lat' dir='ltr'><strong>quod</strong></span> <span class='ocrx_word' id='word_1_240' title='bbox 480 2225 604 2268; x_wconf 84' lang='lat' dir='ltr'><strong>favor</strong></span> <span class='ocrx_word' id='word_1_241' title='bbox 629 2229 671 2268; x_wconf 88' lang='lat' dir='ltr'><strong>et</strong></span> <span class='ocrx_word' id='word_1_242' title='bbox 698 2228 991 2272; x_wconf 89' lang='lat' dir='ltr'><strong>misericordia</strong></span> <span class='ocrx_word' id='word_1_243' title='bbox 1017 2244 1135 2273; x_wconf 87' lang='lat' dir='ltr'><strong>acres</strong></span> <span class='ocrx_word' id='word_1_244' title='bbox 1157 2233 1201 2274; x_wconf 89' lang='lat' dir='ltr'><strong>et</strong></span> <span class='ocrx_word' id='word_1_245' title='bbox 1229 2230 1510 2274; x_wconf 85' lang='lat' dir='ltr'><strong>vehementes</strong></span> 
     </span>
     <span class='ocr_line' id='line_1_35' title="bbox 122 2285 1511 2344; baseline 0.004 -15"><span class='ocrx_word' id='word_1_246' title='bbox 122 2286 288 2342; x_wconf 90' lang='lat' dir='ltr'><strong>primos</strong></span> <span class='ocrx_word' id='word_1_247' title='bbox 331 2285 520 2341; x_wconf 90' lang='lat' dir='ltr'><strong>impetus</strong></span> <span class='ocrx_word' id='word_1_248' title='bbox 564 2287 743 2343; x_wconf 87' lang='lat' dir='ltr'><strong>habent,</strong></span> <span class='ocrx_word' id='word_1_249' title='bbox 785 2290 994 2344; x_wconf 89' lang='lat' dir='ltr'><strong>paulatim</strong></span> <span class='ocrx_word' id='word_1_250' title='bbox 1035 2291 1218 2334; x_wconf 87' lang='lat' dir='ltr'><strong>consilio</strong></span> <span class='ocrx_word' id='word_1_251' title='bbox 1259 2294 1303 2334; x_wconf 90' lang='lat' dir='ltr'><strong>et</strong></span> <span class='ocrx_word' id='word_1_252' title='bbox 1339 2291 1511 2335; x_wconf 86' lang='lat' dir='ltr'><strong>ratione</strong></span> 
     </span>
    </p>

    <p class='ocr_par' dir='ltr' id='par_1_10' title="bbox 76 2346 1571 2408">
     <span class='ocr_line' id='line_1_36' title="bbox 76 2346 1571 2408; baseline 0 -16"><span class='ocrx_word' id='word_1_253' title='bbox 76 2360 96 2392; x_wconf 78' lang='grc'><strong>’1</strong></span> <span class='ocrx_word' id='word_1_254' title='bbox 124 2346 249 2403; x_wconf 86' lang='lat' dir='ltr'><strong>quasi</strong></span> <span class='ocrx_word' id='word_1_255' title='bbox 275 2346 484 2389; x_wconf 89' lang='lat' dir='ltr'><strong>restincta</strong></span> <span class='ocrx_word' id='word_1_256' title='bbox 509 2347 751 2390; x_wconf 89' lang='lat' dir='ltr'><strong>considunt.</strong></span> <span class='ocrx_word' id='word_1_257' title='bbox 795 2348 916 2392; x_wconf 92' lang='lat' dir='ltr'><strong>Unde</strong></span> <span class='ocrx_word' id='word_1_258' title='bbox 942 2352 1105 2408; x_wconf 84' lang='lat' dir='ltr'><strong>evenit,</strong></span> <span class='ocrx_word' id='word_1_259' title='bbox 1135 2354 1205 2408; x_wconf 90' lang='lat' dir='ltr'><strong>ut,</strong></span> <span class='ocrx_word' id='word_1_260' title='bbox 1237 2352 1355 2408; x_wconf 92' lang='lat' dir='ltr'><strong>quod</strong></span> <span class='ocrx_word' id='word_1_261' title='bbox 1380 2350 1510 2396; x_wconf 86' lang='lat' dir='ltr'><strong>multi</strong></span> <span class='ocrx_word' id='word_1_262' title='bbox 1534 2363 1571 2392; x_wconf 75' lang='lat' dir='ltr'><strong>ss</strong></span> 
     </span>
    </p>

    <p class='ocr_par' dir='ltr' id='par_1_11' title="bbox 51 2405 1538 2464">
     <span class='ocr_line' id='line_1_37' title="bbox 51 2405 1538 2464; baseline 0.003 -13"><span class='ocrx_word' id='word_1_263' title='bbox 51 2457 55 2462; x_wconf 43' lang='lat'>‚</span> <span class='ocrx_word' id='word_1_264' title='bbox 124 2407 314 2451; x_wconf 86' lang='lat' dir='ltr'><strong>clamore</strong></span> <span class='ocrx_word' id='word_1_265' title='bbox 344 2406 561 2463; x_wconf 88' lang='lat' dir='ltr'><strong>permixto</strong></span> <span class='ocrx_word' id='word_1_266' title='bbox 594 2411 783 2464; x_wconf 89' lang='lat' dir='ltr'><strong>tuentur,</strong></span> <span class='ocrx_word' id='word_1_267' title='bbox 819 2425 945 2454; x_wconf 92' lang='lat' dir='ltr'><strong>nemo</strong></span> <span class='ocrx_word' id='word_1_268' title='bbox 983 2413 1228 2456; x_wconf 86' lang='lat' dir='ltr'><strong>tacentibus</strong></span> <span class='ocrx_word' id='word_1_269' title='bbox 1261 2413 1416 2457; x_wconf 86' lang='lat' dir='ltr'><strong>ceteris</strong></span> <span class='ocrx_word' id='word_1_270' title='bbox 1448 2412 1511 2456; x_wconf 88' lang='lat' dir='ltr'><strong>di·</strong></span> <span class='ocrx_word' id='word_1_271' title='bbox 1535 2405 1538 2409; x_wconf 57' lang='grc'><strong>’</strong></span> 
     </span>
    </p>
   </div>
  </div>
 </body>
</html>
