1716 2742
517 100 874 144 PANEGYRICUS
902 111 961 153 22,
975 117 992 143 2
1008 129 1054 135 -
1070 111 1129 154 24,
1144 118 1171 145 a.
1468 110 1560 154 339

127 221 341 281 pitolium
385 222 641 280 ascendere,
701 237 835 280 quam
879 223 998 267 laeta
1049 222 1258 270 omnibus
1304 223 1559 281 adoptionis

127 287 234 331 tuae
261 285 534 343 recordatio,
575 300 710 343 quam
749 286 974 344 peculiare
1015 286 1230 345 gaudium
1263 301 1439 344 eorum,
1481 286 1559 344 qui

127 350 173 394 te
209 346 348 406 primi
386 348 542 393 eodem
580 348 682 393 1000
722 349 1027 393 salutaverant
1063 349 1400 406 imperatorem!
1440 348 1560 402 Quin

127 410 263 456 etiam
283 410 417 455 deum
445 411 594 468 ipsum
613 414 787 468 patrem
813 414 943 456 tuum
970 412 1259 470 praecipuam
1278 412 1558 470 voluptatem

75 487 95 516 ο
127 473 275 532 operis
289 473 360 518 sui
372 474 625 531 percepisse
640 474 921 518 crediderim:
941 477 992 519 ut
1007 475 1188 532 quidem
1201 475 1343 519 isdem
1357 475 1558 534 vestigiis
1586 485 1609 519 5

125 536 333 583 institisti
366 536 529 594 quibus
562 552 722 594 parens
756 540 860 581 tuus
894 537 1053 597 ingens
1092 538 1205 582 illud
1239 538 1424 582 deorum
1457 554 1559 596 pro-

123 598 298 644 laturus
338 614 572 656 amanum,
615 614 728 656 quae
768 600 1156 644 circumstantium
1197 601 1381 660 gaudia,
1423 615 1558 658 quam

46 688 49 698 s
123 677 278 708 recens
311 662 501 720 clamor,
533 677 670 720 quam
704 663 862 707 similis
896 662 964 706 illi
998 662 1103 720 diei,
1138 664 1216 720 qui
1247 664 1368 708 hunc
1401 664 1558 723 genuit

124 724 238 770 dies!
270 727 322 770 ut
346 725 481 783 plena
507 725 743 782 altaribus,
775 729 967 785 angusta
1004 725 1198 770 victimis
1226 729 1406 784 cuncta,
1430 729 1483 771 ut
1508 727 1557 771 in

61 801 101 829 ιο
125 788 259 833 11111118
299 788 491 834 salutem
534 789 699 832 collata
738 789 940 832 omnium
973 792 1097 846 vota,
1142 804 1243 833 011111
1289 789 1376 834 sibi
1418 805 1464 834 se
1503 805 1556 835 ac

120 850 274 896 liberis
308 851 401 896 suis
433 851 747 911 intellegerent
778 852 971 909 precari,
1005 866 1118 909 quae
1145 867 1225 910 pro
1253 855 1299 896 te
1325 867 1555 910 precaren-

122 914 214 959 tur!
276 912 387 958 Inde
418 916 470 959 tu
508 915 556 958 in
597 914 816 973 palatium
857 914 1058 972 quidem,
1103 915 1180 959 sed
1223 930 1275 959 eo
1315 915 1463 972 vultu,
1503 931 1556 960 ea
1581 926 1603 960 6

121 976 448 1034 moderatione,
480 979 532 1021 ut
564 977 603 1021 si
635 977 858 1035 privatam
892 977 1075 1021 domum
1102 980 1296 1036 peteres;
1329 978 1464 1022 ceteri
1496 978 1553 1022 ad

119 1042 306 1099 penates
339 1055 445 1085 suos
472 1040 663 1098 quisque
690 1041 931 1084 iteraturus
958 1040 1111 1098 gaudii
1138 1040 1292 1098 fidem,
1323 1040 1403 1085 ubi
1428 1041 1554 1085 nulla

58 1114 95 1144 15
118 1103 361 1148 necessitas
393 1103 619 1163 gaudendi
651 1105 729 1147 est.

214 1163 454 1211 Onerasset
486 1166 625 1210 alium
659 1165 753 1210 eius
788 1165 910 1210 modi
935 1165 1148 1210 introitus
1156 1200 1168 1222 ‚
1200 1169 1251 1210 tu
1278 1166 1443 1211 cotidie
1476 1164 1627 1228 acl-224

118 1227 369 1274 mirabilior
394 1231 440 1273 et
464 1229 643 1286 melior,
674 1229 778 1273 talis
805 1228 1015 1286 denique,
1042 1230 1195 1286 quales
1224 1229 1300 1273 alii
1327 1229 1551 1287 principes

99 1290 295 1346 ⁴futui-os
323 1307 370 1336 se
395 1294 573 1336 tantum
599 1291 883 1350 pollicentur.
938 1291 1095 1336 Solum
1123 1307 1230 1351 ergo
1257 1295 1302 1336 te
1329 1305 1551 1337 commen-

119 1354 197 1399 dat
228 1357 453 1414 augetque
485 1355 703 1413 temporis
736 1355 944 1412 spatium.
990 1353 1184 1399 Iunxisti
1218 1355 1336 1399 enim
1370 1370 1422 1400 ac
1447 1355 1551 1399 mis·

54 1428 92 1456 8⁰
118 1417 253 1462 cuisti
284 1432 356 1462 res
383 1417 730 1473 diversissimae,
763 1418 1050 1462 securitatem
1078 1418 1186 1462 olim
1213 1418 1477 1476 imperantis
1504 1421 1549 1462 et

115 1479 374 1539 incipientis
394 1481 625 1539 pudorem.
690 1479 798 1525 Non
817 1483 868 1525 tu
889 1481 1054 1525 civium
1077 1481 1309 1538 amplexus
1337 1481 1393 1524 ad
1413 1480 1548 1539 pedes
1576 1493 1597 1526 2

115 1546 219 1588 tuos
252 1544 466 1602 deprimis
499 1559 582 1588 1100
614 1544 817 1588 osculum
853 1559 988 1587 manu
1021 1543 1188 1588 reddis:
1228 1546 1380 1588 manet
1411 1544 1548 1601 impe-

114 1606 254 1651 ratori
293 1621 407 1665 quae
447 1607 573 1664 prius
614 1607 703 1651 oris
742 1606 1010 1651 humanitas.
1073 1606 1315 1651 Incedebas
1347 1606 1549 1664 pedibus,

114 1669 305 1728 incedis3
336 1670 577 1714 laetabaris
596 1670 770 1726 labore,
802 1670 1000 1726 laetaris,
1033 1668 1278 1727 eademque
1298 1669 1378 1713 illa
1398 1669 1549 1714 omnia

51 1741 89 1771 2⁵
114 1732 234 1778 circa
252 1736 316 1790 te,
348 1732 465 1777 nihil
502 1733 552 1777 in
578 1733 677 1790 ipso
698 1735 744 1776 te
770 1732 953 1776 fortuna
979 1732 1182 1776 mutavit.
1247 1732 1459 1776 Liberum
1479 1736 1548 1777 est
1574 1744 1596 1777 3

114 1795 393 1855 ingrediente
419 1811 500 1853 per
525 1795 757 1853 publicum
783 1795 986 1853 principe
1013 1795 1273 1853 subsistere,
1303 1810 1547 1851 occurrere,

114 1859 340 1915 comitari,
371 1858 630 1916 praeterire:
664 1858 865 1902 ambulas
893 1858 1010 1902 inter
1035 1873 1138 1915 nos,
1169 1873 1262 1902 non
1289 1858 1418 1915 quasi
1444 1873 1547 1902 con-

212 1997 236 2030 4
262 1993 392 2041 ipsum
420 1996 533 2031 tuum
561 1994 681 2039 codd„
716 1995 869 2041 patrem
896 1994 987 2031 add.
1009 1995 1205 2039 Beroald„
1233 1994 1286 2030 K.
1301 1994 1362 2039 II,
1389 1994 1545 2040 Baehr„

113 2045 264 2090 Muell„
283 2044 414 2091 ipsum
428 2046 514 2081 tum
528 2045 675 2090 Livin„
695 2044 825 2091 ipsum
845 2046 941 2081 tunc
960 2045 1011 2081 K.
1027 2046 1061 2081 Ι.
1140 2047 1162 2080 5
1182 2045 1228 2080 ut
1242 2044 1402 2090 quidem
1423 2044 1544 2090 codd„

112 2095 179 2141 K„
198 2096 322 2142 utque
339 2094 433 2132 dein
446 2096 601 2140 Baehr.,
621 2096 744 2141 utque
759 2095 907 2131 Buri-h.
987 2098 1009 2131 8
1030 2094 1092 2131 1111
1111 2095 1191 2131 diei
1212 2094 1280 2141 qui
1301 2093 1338 2131 h.
1356 2105 1444 2142 gen.
1460 2093 1544 2131 dies

111 2145 256 2191 Livin„
282 2144 344 2181 illi
371 2145 455 2182 dies
483 2145 551 2192 qui
570 2145 607 2181 h.
631 2156 718 2192 gen.
741 2145 846 2182 diem
873 2145 993 2191 codd„
1015 2145 1082 2190 K„
1106 2144 1167 2181 illi
1194 2145 1263 2191 qui
1288 2144 1326 2181 h.
1349 2156 1437 2192 gen.
1459 2144 1543 2181 dies

111 2196 253 2242 Haupt
271 2196 405 2233 Herm.
430 2196 542 2241 V27,
567 2194 629 2231 illi
650 2195 733 2232 dies
755 2195 824 2242 qui
843 2195 948 2232 hunc
968 2195 1108 2243 genuit
1127 2195 1268 2232 Baehr.
1374 2199 1421 2231 23
1442 2206 1543 2242 quae

109 2245 219 2293 prius
242 2246 290 2291 A,
317 2246 461 2283 Baehr.
476 2258 517 2293 p.
541 2245 686 2282 XXII.
791 2249 839 2282 24
867 2245 1083 2292 eademque
1105 2245 1349 2293 (eodemque)
1371 2244 1441 2281 illa
1462 2256 1543 2282 om-

109 2296 178 2333 nia
214 2296 362 2343 (omnia
398 2295 482 2343 illa)
520 2296 640 2341 codd„
680 2295 816 2332 eadem
854 2307 956 2342 quae
993 2296 1125 2333 omnia
1161 2295 1232 2332 illa
1270 2295 1399 2341 Gesn„
1438 2296 1491 2332 K.
1505 2297 1542 2342 Ι,

109 2346 325 2394 eademque
344 2346 416 2382 illa
436 2357 538 2393 quae
559 2346 692 2382 omnia
713 2346 766 2383 K.
781 2347 840 2391 II,
862 2346 998 2383 eadem
1020 2346 1089 2382 illa
1110 2357 1211 2392 quae
1232 2345 1365 2382 omnia
1386 2346 1541 2392 Baehr„

109 2396 324 2444 eademque
352 2396 433 2433 alia
460 2396 591 2433 omnia
618 2396 755 2434 Muell.
859 2401 906 2433 25
933 2396 1036 2433 nihil
1062 2397 1192 2444 ipsum
1216 2396 1363 2442 Livin„
1383 2396 1540 2442 Baehr„

107 2446 209 2484 nihil
228 2446 332 2497 <in>
352 2447 438 2495 ipso
461 2447 633 2494 Lipsius,
659 2446 827 2493 Gesner„
857 2447 896 2485 Ο.
920 2447 1091 2493 Schenkl,
1120 2447 1257 2483 Muell.
1362 2446 1435 2483 27⁸
1460 2458 1539 2484 non

108 2497 222 2544 quasi
242 2497 380 2548 <11011>
402 2498 545 2535 Baehr.
567 2520 613 2524 —
637 2497 845 2535 conniveas
872 2497 892 2534 .9
919 2498 984 2535 sed
1007 2498 1055 2544 cf.
1071 2509 1113 2545 p.
1136 2500 1223 2543 332,
1243 2499 1296 2534 26
1315 2501 1350 2534 et
1368 2499 1455 2542 346,
1478 2500 1537 2535 10.

1236 2572 1312 2608 22*
