1716 2742
74 830 111 858 10

72 1193 109 1220 15

69 1821 107 1850 ¹⁵

535 133 899 171 EPISTULARUM
925 133 1017 171 VIII
1044 138 1178 171 9-12.
1482 137 1574 182 215

140 264 215 294 eas
259 251 396 306 atque
440 249 504 292 ita
547 248 742 308 gaudeas
785 249 987 307 periculo
1033 249 1288 307 liberatam,
1332 252 1384 294 ut
1427 250 1575 307 simul,

140 311 263 369 quod
305 311 561 370 periclitata
603 311 680 368 sit,
724 311 1051 369 perhorrescas.
1122 311 1218 357 Iam
1261 311 1419 357 hilaris
1426 347 1440 370 ,
1484 313 1574 357 iam

139 373 246 431 sibi,
290 374 382 418 iam
426 374 539 418 mihi
579 374 755 418 reddita
799 374 962 432 incipit
1003 375 1129 419 refici
1171 375 1574 433 transmissumque

138 435 382 481 discrimen
410 437 763 482 convalescendo
791 437 951 481 metiri.
991 436 1100 481 Fuit
1125 438 1295 495 alioqui
1322 439 1371 482 in
1396 453 1573 482 summo

139 498 417 557 discrimine,
448 499 632 558 impune
659 499 826 544 dixisse
851 500 1007 557 liceat,
1037 500 1127 544 fuit
1158 502 1284 545 nulla
1316 516 1397 545 sua
1429 502 1574 559 culpa,

137 561 297 606 aetatis
343 562 506 619 aliqua.
570 560 682 606 Inde
727 562 911 606 abortus
957 565 1002 607 et
1043 563 1242 622 ignorati
1283 564 1400 608 uteri
1444 564 1574 608 triste

136 624 505 683 experimentum.
570 624 786 682 Proinde,
831 625 916 669 etsi
959 641 1054 670 non
1096 627 1290 685 contigit
1331 627 1418 671 tibi
1461 627 1573 671 desi-

137 686 312 732 derium
344 687 497 732 fratris
530 688 684 732 amissi
717 690 795 732 aut
826 691 992 759 nepote
1026 689 1121 733 eius
1155 692 1233 733 aut
1262 692 1397 747 nepte
1424 690 1574 747 solari,

137 752 364 795 memento
403 752 556 795 tamen
595 750 787 795 dilatum
826 751 971 810 magis
1011 751 1134 795 istud
1178 767 1312 810 quam
1344 754 1574 811 negatum,

136 827 240 857 cum
280 813 405 857 salva
444 813 520 871 sit,
560 829 616 858 ex
655 828 744 884 qua
783 814 954 872 sperari
992 817 1155 872 potest.
1222 813 1367 859 Simul
1410 830 1574 860 excusa

135 875 256 932 patri
286 877 367 920 tuo
401 890 575 933 casum,
609 876 682 921 cui
715 877 917 934 paratior
950 877 1070 935 apud
1102 877 1293 921 feminas
1327 878 1459 922 venia
1492 880 1573 923 est.

135 937 262 982 Vale.
811 1006 905 1046 ΧΠ,
960 992 1162 1044 zea„
1176 1000 1226 1067 y
1243 990 1414 1042 2³24„
1438 1002 1561 1074 ‘7⁴²²

467 1093 511 1128 C.
532 1094 739 1129 PLINIUS
766 1094 1040 1129 MINICIANO
1070 1095 1167 1130 SUO
1197 1096 1236 1130 S.

228 1174 366 1221 Hunc
404 1176 551 1221 solum
591 1176 710 1221 diem
743 1192 928 1222 excuso:
970 1178 1240 1223 recitaturus
1275 1182 1343 1223 est
1376 1179 1571 1225 Titinius

134 1237 295 1296 Capito
302 1273 316 1297 ,
354 1254 489 1296 quem
523 1254 607 1299 ego
641 1240 796 1284 audire
828 1240 982 1285 nescio
1015 1241 1159 1300 magis
1187 1241 1373 1286 debeam
1407 1258 1466 1287 an
1498 1258 1572 1288 cu-

132 1301 268 1359 piam.
332 1300 417 1346 Vir
454 1304 523 1346 est
566 1303 765 1361 optimus
800 1305 845 1347 et
877 1303 996 1348 inter
1027 1305 1270 1362 praecipua
1302 1306 1470 1350 saeculi
1503 1321 1571 1350 or-

131 1366 344 1408 namenta
394 1365 717 1423 numerandus3
769 1366 879 1410 colit
931 1366 1101 1424 studia,
1152 1367 1377 1413 studiosos
1437 1371 1570 1426 amat,

131 1426 270 1485 fovet,
300 1427 524 1485 provehit,
556 1429 816 1485 multorum,
851 1429 929 1486 qui
962 1429 1114 1486 aliqua
1146 1433 1439 1489 componunt,
1470 1447 1571 1490 por-

131 1492 227 1548 tus,
257 1490 402 1548 sinus,
435 1491 678 1550 gremium,
718 1492 922 1535 omnium
955 1492 1230 1550 exemplum,
1263 1493 1465 1551 ipsarum
1499 1495 1571 1539 de-

130 1553 270 1610 nique
306 1552 562 1598 litterarum
601 1554 691 1598 iam
732 1555 1059 1599 senescentium
1098 1555 1310 1600 reductor
1347 1572 1400 1601 ac
1431 1557 1570 1602 refor-

131 1617 291 1660 mator.
356 1615 557 1661 Domum
597 1632 724 1661 suam
763 1617 1058 1661 recitantibus
1101 1618 1303 1676 praebet,
1346 1620 1571 1665 auditoria

130 1693 225 1723 non
256 1679 378 1737 apud
410 1694 458 1724 se
490 1682 668 1724 tantum
702 1679 982 1738 benignitate
1008 1680 1122 1724 mira
1147 1680 1424 1739 frequentat;
1456 1683 1571 1727 mihi

131 1743 271 1799 certe,
302 1741 342 1786 si
373 1742 509 1786 modo
542 1742 591 1786 in
622 1742 751 1799 urbe,
785 1742 928 1786 defuit
959 1758 1222 1801 numquam.
1266 1743 1408 1789 Porro
1441 1748 1568 1790 tanto

130 1804 311 1862 turpius
353 1805 546 1864 gratiam
588 1820 682 1849 non
721 1805 910 1863 referre,
949 1808 1119 1863 quanto
1161 1805 1397 1852 honestior
1435 1823 1569 1853 causa

130 1866 401 1911 referendae.
456 1866 549 1925 An,
584 1868 623 1911 si
654 1868 812 1912 litibus
845 1872 1030 1926 tererer,
1064 1869 1334 1914 obstrictum
1368 1886 1464 1915 esse
1498 1887 1569 1916 me

130 1929 356 1974 crederem
403 1929 590 1974 obeunti
634 1929 894 1974 vadimonia
937 1946 1054 1989 mea,
1104 1947 1244 1990 nunc,
1298 1934 1405 1991 quia
1456 1935 1568 1978 mihi

131 2007 265 2036 omne
296 1993 552 2051 negotium,
587 1993 734 2037 omnis
766 1994 816 2037 in
849 1993 1010 2039 studiis
1045 2009 1169 2053 cura,
1203 1996 1352 2040 minus
1391 1996 1569 2056 obligor

131 2057 259 2099 tanta
303 2055 542 2100 sedulitate
588 2056 853 2126 celebranti,
898 2057 946 2100 in
992 2072 1082 2115 quo
1129 2058 1322 2129 obligari
1365 2073 1469 2118 ego,
1510 2075 1568 2104 ne

1602 326 1623 358 2
1647 327 1650 329 .

1601 639 1623 672 3

131 2117 279 2162 dicam
305 2119 418 2175 solo,
444 2120 563 2163 certe
589 2119 783 2163 maxime
809 2119 1028 2177 possum?
1073 2119 1204 2173 Quod
1232 2122 1270 2165 si
1296 2121 1365 2165 illi
1394 2122 1567 2167 nullam
1595 2136 1618 2168 4

130 2181 295 2239 vicem,
334 2181 460 2225 nulla
503 2181 633 2238 quasi
665 2184 823 2226 mutua
855 2182 1008 2227 officia
1040 2183 1266 2241 deberem,
1300 2184 1568 2230 sollicitarer

130 2246 284 2288 tamen
315 2244 389 2288 vel
421 2244 604 2303 ingenio
637 2243 836 2289 hominis
870 2244 1175 2303 pulcherrimo
1211 2249 1256 2290 et
1288 2247 1487 2292 maximo
1522 2250 1567 2292 et

130 2306 180 2351 111
211 2322 390 2351 summa
420 2307 658 2351 severitate
685 2307 947 2352 dulcissimo
980 2309 1053 2352 vel
1079 2308 1316 2353 honestate
1342 2311 1564 2356 materiae.

226 2422 248 2454 2
263 2419 380 2465 prius
392 2418 473 2455 iam
489 2429 559 2455 om.
570 2418 631 2463 M,
640 2418 692 2455 K.
702 2419 737 2463 1,
751 2417 916 2455 hilaris
904 2429 998 2465 1am‚
1013 2418 1095 2455 iam
1110 2419 1187 2456 sibi
1201 2419 1366 2459 Cor-tius.
1444 2425 1489 2458 11
1507 2423 1567 2459 est

131 2478 203 2505 om.
216 2469 279 2514 M,
292 2469 346 2506 K.
412 2471 459 2504 19
473 2467 768 2515 multorumque
782 2469 851 2515 qui
866 2470 926 2514 M,
939 2469 992 2506 K.
1003 2469 1038 2506 I.
1105 2472 1153 2506 20
1167 2469 1362 2517 gremium
1373 2470 1566 2518 ScMefer,

132 2518 186 2555 K.
201 2519 261 2564 ΙΙ,
289 2519 440 2564 Μαεῖῖ.,
467 2518 689 2566 praemium
715 2519 817 2567 vuly.
921 2522 969 2556 30
996 2518 1079 2556 solo
1101 2519 1252 2566 Catan„
1279 2520 1386 2559 soleo
1416 2523 1513 2560 Ma.
