1656 2684
540 152 898 191 EPISTULARUM
924 153 940 189 Ι
969 157 1113 189 10-12
1469 153 1524 197 13

122 266 227 326 nali,
257 267 450 312 subnoto
474 267 665 323 libellos,
696 266 883 310 conficio
910 265 1097 319 tabulas,
1129 265 1271 308 scribo
1298 264 1525 321 plurimas,

123 328 200 374 sed
230 328 620 373 inlitteratissimas
644 302 828 372 litteras.
861 326 993 371 Soleo
1019 341 1111 370 non
1134 341 1377 382 numquam
1402 323 1524 384 (nam
1554 338 1599 370 10

122 390 207 434 id
193 405 341 448 ipsum
366 390 544 447 quando
571 387 828 447 contingitl)
861 388 914 432 de
934 389 1003 432 his
1023 387 1389 445 occupationibus
1409 386 1526 443 apud

123 450 385 508 Euphraten
422 452 559 508 queri.
622 449 703 494 Ille
742 465 812 494 me
843 450 1117 503 consolatur,
1155 449 1361 492 adfirmat
1392 448 1526 492 etiam

82 526 101 556 s
125 526 221 558 esse
259 512 375 557 hanc
415 512 723 570 philosophiae
762 514 806 555 et
844 511 1023 568 quidem
1054 510 1396 567 pulcherrimam
1429 524 1526 566 par-

122 576 233 630 tem,
273 589 403 633 agere
439 574 669 632 negotium
709 572 956 630 publicum,
996 586 1280 630 cognoscere,
1321 571 1528 626 iudicare,

123 650 325 693 promere
365 638 412 679 et
450 649 650 679 exercere
691 633 926 688 iustitiam,
968 647 1166 690 quaeque
1205 633 1290 690 ipsi
1329 633 1527 688 doceant,

124 697 173 741 111
202 711 287 741 usu
318 696 489 740 habere.
546 695 658 739 Mihi·
690 698 840 739 tamen
871 695 957 738 hoc
988 710 1126 738 unum
1157 709 1249 738 non
1280 693 1527 751 persuadet,
1556 707 1599 739 11

126 757 265 802 satius
290 772 386 802 esse
410 757 496 802 ista
513 757 658 800 facere
678 771 811 813 quam
833 770 934 800 cum
954 755 1033 799 illo
1054 755 1146 798 dies
1167 758 1287 799 totos
1308 755 1527 798 audiendo

65 834 102 862 ιο
125 818 422 877 discendoque
452 833 721 862 consumere.
773 817 870 869 Quo
898 817 1039 875 magis
1065 820 1129 873 te,
1160 817 1232 860 cui
1258 819 1397 870 vacat,
1427 816 1528 860 hor-

75 898 80 899 ’
126 883 211 935 tor,
248 894 350 924 cum
381 880 430 924 in
461 880 616 923 urbem
648 879 848 936 proxime
880 879 1052 922 veneris
1084 877 1256 937 (venias
1289 880 1436 921 autem
1470 877 1527 921 ob

125 942 212 986 hoc
242 939 497 999 maturius),
534 941 603 984 illi
640 943 684 984 te
722 939 1036 998 expoliendum
1067 939 1400 996 limandumque
1432 954 1528 996 per-

126 1003 290 1048 mittas.
339 1001 497 1060 Neque
528 1002 646 1046 enim
678 1017 761 1060 ego
787 1006 839 1045 ut
864 1002 994 1045 multi
1019 1001 1195 1044 invideo
1222 1001 1320 1044 aliis
1348 1001 1527 1053 bonum,
1556 1013 1600 1045 12

126 1078 218 1122 quo
253 1064 350 1121 ipse
381 1078 530 1120 careo,
566 1063 642 1107 sed
675 1066 829 1107 contra
861 1078 1038 1107 sensum
1073 1062 1293 1119 quendam
1326 1062 1528 1119 volupta-

65 1138 102 1167 ιι
124 1128 303 1183 temque
334 1125 553 1183 percipio,
585 1125 623 1168 si
656 1140 726 1181 33,
758 1139 869 1181 (11133
902 1125 1012 1168 1111111
1045 1124 1336 1182 denegantur,
1375 1123 1528 1167 amicis

123 1186 252 1232 video
284 1201 521 1244 superesse.
573 1186 697 1229 Vale.

795 1299 864 1340 XI.

423 1374 467 1409 C.
487 1375 690 1409 PLINIUS
715 1375 867 1409 FABIO
894 1375 1043 1408 IUSTO
1071 1374 1166 1408 SUO
1194 1373 1232 1407 S.

222 1442 342 1487 Olim
373 1443 483 1487 mihi
508 1444 654 1487 nullas
680 1443 892 1500 epistulas
919 1443 1072 1486 mittis.
1105 1441 1231 1485 Nihil
1258 1445 1338 1498 est,
1367 1442 1528 1499 inquiS‚
1556 1454 1574 1486 1

64 1517 101 1546 so
126 1504 245 1562 quod
277 1505 477 1549 scribam.
535 1504 598 1548 At
628 1505 715 1548 hoc
747 1505 893 1561 ipsum
927 1504 1088 1558 scribe,
1120 1503 1232 1546 nihil
1264 1517 1376 1557 esse,
1410 1504 1529 1560 quod

126 1566 306 1622 scribas,
330 1566 401 1610 vel
426 1566 571 1610 solum
598 1566 722 1621 illud,
747 1565 862 1609 unde
890 1565 1083 1622 incipere
1109 1565 1276 1622 priores
1304 1565 1528 1608 solebant:

127 1626 197 1671 ‘Si
227 1628 361 1683 vales,
391 1627 502 1671 bene
533 1630 618 1682 est3
650 1642 733 1684 ego
767 1626 920 1669 valeo?
972 1625 1070 1670 Hoc
1102 1625 1211 1669 mihi
1243 1625 1429 1682 sufficit3
1461 1629 1529 1670 est

125 1689 240 1733 enim
275 1688 529 1732 maximum.
591 1687 762 1731 Ludere
795 1703 863 1730 me
902 1687 1062 1744 putas?
1113 1687 1228 1731 serio
1260 1690 1377 1744 peto.
1441 1686 1528 1731 Fac
1555 1699 1577 1731 2

124 1750 279 1805 sciam,
315 1749 420 1807 quid
435 1764 558 1807 agas,
591 1749 710 1805 quod
731 1749 824 1791 sine
844 1748 1142 1793 sollicitudine
1167 1763 1341 1792 summa
1360 1749 1528 1793 nescire

65 1822 101 1850 ²⁵
126 1826 216 1855 non
246 1824 439 1868 possum.
498 1810 621 1853 Vale.

784 1911 874 1951 XII.

342 1986 384 2019 C.
406 1986 607 2020 PLINIUS
634 1986 913 2021 CALESTRIO
941 1986 1115 2020 TIRONI
1143 1986 1238 2020 SUO
1267 1986 1304 2019 S.

223 2053 444 2098 Iacturam
482 2054 786 2113 gravissimam
832 2054 934 2109 feci,
977 2056 1013 2097 si
1047 2055 1214 2098 iactura
1246 2054 1430 2098 dicenda
1461 2058 1528 2098 est
1556 2067 1574 2099 1

128 2116 241 2160 tanti
273 2115 356 2159 viri
388 2115 578 2159 amissio.
629 2115 829 2160 Decessit
861 2115 1076 2160 Corellius
1105 2115 1247 2159 Rufus
1280 2118 1325 2158 et
1351 2116 1527 2172 quidem

71 2189 107 2217 οο
132 2180 307 2235 sponte,
345 2176 465 2234 quod
496 2176 693 2220 dolorem
727 2192 872 2220 meum
905 2178 1139 2221 exulcerat.
1176 2177 1259 2220 Est
1291 2177 1409 2220 enim
1436 2177 1528 2220 luc-

128 2238 431 2282 tuosissimum
465 2253 603 2295 genus
648 2238 822 2291 mortis,
869 2253 979 2295 quae
1023 2253 1113 2282 non
1155 2254 1209 2281 ex
1249 2241 1408 2281 natura
1448 2252 1528 2281 nec

130 2299 276 2343 fatalis
317 2299 502 2343 videtur.
575 2298 691 2343 Nam
733 2303 973 2356 utcumque
1017 2300 1062 2343 in
1104 2300 1210 2352 illis,
1257 2299 1332 2356 qui
1375 2300 1527 2343 morbo
1555 2312 1576 2343 2

230 2436 275 2469 12
301 2432 562 2469 extollendum
586 2432 688 2468 MV.
794 2437 836 2469 13
858 2432 1000 2468 bonum
1023 2433 1279 2478 RFDpra,
1299 2431 1399 2468 bono
1423 2433 1472 2468 M
1487 2432 1527 2474 Γ,

134 2480 198 2525 Κ,
225 2481 372 2525 Muell„
396 2481 480 2519 m’de
505 2482 557 2517 ad
584 2482 710 2526 1120,
729 2485 764 2518 8.
