1630 2678
0 500 143 553 nilla-'0-

173 139 232 183 62
764 133 802 171 e.
822 133 956 170 PLINI

173 249 295 292 cuius
333 247 502 305 integra
538 262 583 289 re
621 246 849 289 consilium
883 246 1108 302 exquirere
1147 247 1388 303 optassem,
1426 245 1559 292 huius

173 309 303 352 etiam
346 311 519 365 peracta
558 307 767 350 iudicium
806 321 935 350 nosse
967 307 1075 349 mire
1108 306 1384 364 concupisco.
1448 306 1556 352 Cum

172 369 394 426 publicum
439 383 547 424 opus
598 383 693 411 mea
742 368 927 424 pecunia
969 367 1254 412 inchoaturus
1297 367 1346 412 in
1389 367 1557 414 Tuscos

172 430 507 474 excucurrissem
541 431 719 489 accepto
751 431 802 471 ut
843 428 1087 489 praefectus
1125 428 1264 472 aerari
1296 432 1559 488 come‚

148 489 304 547 {legati
359 490 575 533 rovinciae
595 489 798 533 Baeticae
824 493 1020 545 questuri
1076 504 1098 533 e
1118 504 1308 546 procons
1384 492 1435 535 tu
1455 489 1558 535 Cae-
1581 506 1600 534 ο

124 566 145 598 3
171 506 452 595 ossiUIssrEs‘iE'i
479 551 737 594 advocatum
763 565 832 594 me
851 566 877 593 a
897 554 1049 594 senatu
1074 551 1307 607 petierunt.
1351 549 1557 611 Collegae

171 612 324 668 optimi
350 612 520 667 meique
545 611 833 655 amantissimi
859 612 912 655 de
937 612 1182 655 communis
1209 611 1347 657 officii
1370 613 1557 658 necessi-

169 671 331 715 tatibus
363 672 605 728 praelocuti
637 687 842 716 excusare
874 688 943 716 me
975 676 1019 716 et
1050 673 1239 717 eximere
1270 676 1555 731 temptarunt.
1581 701 1584 704 ·

169 732 347 776 Factum
389 735 455 776 est
493 736 667 777 senatus
710 734 958 777 consultum
998 748 1210 790 perquam
1247 734 1557 793 honorificum,

168 796 218 837 ut
248 793 373 836 darer
404 794 747 850 provincialibus
773 797 1002 851 patronus,
1035 795 1071 838 si
1104 795 1158 838 ab
1191 796 1290 852 ipso
1316 811 1387 841 me
1416 796 1556 855 impe-
1579 811 1617 840 ιο

168 857 364 898 trassent.
395 854 551 912 Legati
576 870 724 898 rursus
757 855 924 899 inducti
948 856 1106 899 iterum
1139 872 1208 900 me
1238 857 1328 901 iam
1353 872 1555 915 praesen-

167 918 254 958 tem
287 915 545 958 advocatum
571 917 904 972 postulaverunt
929 917 1213 974 implorantes
1239 918 1373 963 fidem
1398 934 1555 977 meam,

169 990 296 1031 quam
329 980 474 1020 essent
505 979 656 1020 contra
686 977 874 1021 Massam
899 978 1110 1022 Baebium
1137 979 1319 1036 experti,
1349 980 1554 1039 adlegan-

167 1039 230 1080 tes
263 1037 494 1092 patrocinii
526 1037 692 1081 foedus.
743 1037 901 1082 Secuta
932 1043 997 1083 est
1023 1042 1199 1084 senatus
1219 1040 1463 1086 clarissima
1481 1042 1554 1086 ad-

168 1098 323 1153 sensio,
349 1113 458 1154 quae
474 1099 586 1142 solet
612 1099 782 1142 decreta
802 1115 1086 1156 praecurrere.
1120 1101 1234 1145 Tum
1252 1116 1336 1161 ego
1357 1101 1554 1147 ‘Desino'
1578 1115 1615 1146 ιε

167 1158 357 1214 inquam,
383 1159 541 1215 ‘patres
574 1161 821 1216 conscripti,
853 1164 1007 1217 putare
1039 1177 1108 1205 me
1138 1162 1278 1207 iustas
1310 1164 1554 1208 excusatio·

165 1218 232 1261 nis
265 1233 415 1263 causas
456 1221 681 1264 attulisse’.
744 1221 914 1265 Placuit
945 1226 987 1266 et
1018 1223 1233 1268 modestia
1264 1225 1478 1269 sermonis
1509 1228 1555 1269 et

166 1279 289 1323 ratio.
334 1279 556 1337 Compulit
581 1285 726 1325 autem
751 1297 820 1326 me
846 1284 900 1326 ad
925 1284 1009 1327 hoc
1034 1285 1267 1329 consilium
1290 1300 1384 1330 non
1408 1286 1553 1330 solum

166 1354 400 1384 consensus
439 1345 633 1398 senatus,
671 1358 935 1400 quamquam
972 1345 1044 1389 hic
1077 1347 1286 1404 maxime,
1322 1362 1477 1391 verum
1509 1350 1553 1391 et

167 1400 240 1443 alii
271 1402 446 1457 quidam
479 1403 688 1460 minores,
729 1405 803 1447 sed
835 1408 982 1448 tamen
1011 1408 1193 1451 numeri.
1258 1407 1476 1452 Veniebat
1505 1409 1554 1452 in
1577 1421 1617 1454 2⁰.

167 1464 353 1504 mentem
387 1463 551 1519 priores
584 1468 758 1508 nostros
791 1466 920 1509 etiam
943 1467 1217 1525 singulorum
1237 1469 1467 1526 hospitum
1485 1469 1553 1513 in-

167 1521 297 1564 iurias
330 1524 586 1567 voluntariis
618 1526 968 1570 accusationibus
1001 1532 1248 1586 exsecutos3
1288 1544 1376 1588 quo
1409 1529 1552 1574 defor-

168 1582 279 1625 mius
311 1584 550 1627 arbitrabar
581 1586 746 1642 publici
778 1587 960 1643 hospitii
991 1589 1085 1632 iura
1115 1591 1360 1650 neglegere.
1424 1590 1552 1635 Prae-

167 1645 286 1685 terea
310 1658 409 1687 cum
434 1646 705 1702 recordarer,
730 1652 892 1704 quanta
917 1665 997 1706 pro
1024 1650 1162 1695 isdem
1187 1651 1378 1696 Baeticis
1404 1653 1552 1709 priore

168 1703 450 1747 advocatione
494 1707 623 1749 etiam
679 1709 873 1764 pericula
928 1711 1159 1770 subissem,
1203 1713 1552 1757 conservandum
1575 1725 1616 1758 ²⁵

168 1764 323 1806 veteris
362 1765 496 1808 officii
537 1768 738 1811 meritum
776 1785 891 1814 novo
923 1772 1163 1816 videbatur.
1225 1773 1308 1818 Est
1339 1774 1457 1818 enim
1489 1773 1553 1818 ita

169 1829 484 1881 comparatum,
517 1830 566 1869 ut
591 1829 836 1884 antiquiora
861 1833 1071 1876 beneficia
1097 1835 1337 1889 subvertas,
1360 1835 1450 1879 nisi
1473 1834 1552 1879 illa

167 1886 480 1940 posterioribus
513 1889 717 1932 cumules.
773 1890 887 1935 Nam
921 1895 1164 1951 quamlibet
1193 1911 1321 1953 saepe
1353 1895 1554 1954 obligati,

168 1944 204 1987 si
237 1946 341 2000 quid
372 1962 507 1990 unum
539 1964 691 2005 neges,
721 1950 805 1994 hoc
831 1955 972 1996 so'um
999 1957 1302 2014 meminerunt,
1335 1957 1453 2014 quod
1478 1971 1552 2000 ne-

0 2016 157 2090 „Jq‘z'
224 2009 318 2048 tum
350 2011 426 2050 est.
489 2008 689 2052 Ducebar
720 2011 869 2080 etiam,
889 2015 1019 2081 quod
1052 2016 1293 2062 decesserat
1319 2016 1551 2074 ClassicUS,
1576 2030 1614 2058 8⁰

0 2082 149 2127 „lm
194 2070 447 2123 motumque
479 2073 589 2124 erat,
629 2072 746 2126 quod
786 2088 832 2115 m
872 2077 1084 2119 ensmodi
1131 2079 1274 2122 causis
1315 2079 1428 2123 solet
1459 2092 1554 2123 csse

166 2126 484 2184 tristissimum,
523 2131 766 2186 periculum
809 2137 1030 2180 senatoris.
1095 2137 1310 2183 Videbam
1343 2154 1448 2198 ergo
1481 2138 1554 2183 ad·

265 2249 310 2282 16
335 2246 492 2291 inquam
518 2261 555 2295 p.
578 2261 609 2285 c.
631 2252 767 2296 putare
790 2253 839 2288 M
851 2253 1046 2301 VDpra,
1073 2257 1230 2303 inquam
1256 2255 1438 2305 reputare
1456 2258 1552 2296 RF.

167 2297 212 2330 22
239 2304 316 2330 acc.
337 2295 523 2333 voluntat.
545 2298 741 2344 RFpra.
843 2304 887 2336 24
913 2304 1039 2348 priore
1059 2306 1175 2342 RFr
1185 2319 1226 2351 a,
1257 2307 1357 2352 Otto,
1383 2307 1490 2355 prior
1509 2319 1551 2354 Ρ,

165 2343 359 2388 superiore
384 2345 462 2380 rell.
581 2351 626 2382 26
652 2347 710 2383 ita
735 2350 872 2384 natura
898 2355 1160 2398 comparatum
1187 2355 1358 2392 Sichard.
1378 2361 1414 2394 et
1437 2356 1553 2393 codex

166 2391 295 2433 Modii
327 2398 478 2429 novant.
516 2395 593 2432 lect.
622 2399 692 2434 107
729 2397 837 2433 Grut.
875 2399 985 2446 lamp.
1015 2402 1049 2437 V
1065 2414 1105 2448 p.
1131 2405 1218 2448 277,
1253 2405 1319 2441 sed
1356 2405 1404 2450 cf.
1439 2405 1549 2450 infra

158 2451 295 2487 pcmeq.
316 2443 375 2485 46,
403 2445 435 2477 7.
