1716 2742
26 949 63 976 10

24 1264 60 1291 15

19 1890 56 1918 25

505 141 868 179 EPISTULARUM
893 143 985 180 VIII
1013 148 1121 181 2—4.
1431 148 1520 193 207

89 259 244 302 tamen
262 256 471 301 blandior
497 257 621 301 mihi.
686 256 805 301 Volo
835 258 954 302 enim
982 259 1190 316 proxima
1217 275 1420 318 quaeque
1448 261 1521 305 ab·

89 318 367 365 solutissima
386 319 528 364 videri
555 322 600 364 et
625 319 726 364 ideo
754 320 843 364 iam
869 336 990 365 nunc
1011 324 1168 366 contra
1196 323 1334 367 istum
1354 323 1522 367 librum

86 381 218 426 faveo
258 382 471 440 orationi,
518 398 654 440 quam
698 398 844 440 nuper
888 384 936 427 in
981 384 1213 441 publicum
1261 385 1363 430 dedi
1404 401 1522 431 com-

87 444 399 490 municaturus
432 447 602 502 tecum,
634 448 686 490 ut
717 445 915 503 primum
942 446 1202 506 diligentem
1237 449 1521 493 tabellarium

87 507 315 552 invenero.
378 507 517 552 Erexi
543 508 902 566 expectationem
937 511 1080 567 tuam,
1115 525 1249 567 quam
1278 526 1435 556 vereor
1466 527 1522 556 ne
1550 523 1571 556 3

88 569 304 615 destituat
329 571 474 614 oratio
501 571 550 615 in
582 586 741 615 manus
770 574 961 629 sumpta.
1027 571 1212 617 Interim
1234 577 1386 618 tamen
1411 577 1523 619 tam-

88 648 224 690 quam
256 632 524 691 placituram
559 632 625 693 (et
657 633 847 678 fortasse
881 634 1098 693 placebit)
1133 640 1331 693 expecta.
1397 636 1522 682 Vale.

771 763 842 803 iv.
882 758 988 825 ‘'f‘’
1027 762 1059 799 c
1080 763 1114 801 ε
1138 765 1246 809 mc
1275 771 1441 817 2002«,

454 851 497 885 C.
520 852 725 886 PLINIUS
754 852 964 886 CANINIO
995 853 1091 887 SUO
1122 856 1159 887 S.

182 932 365 992 Optime
391 934 521 991 facis,
556 935 677 992 quod
710 935 878 980 bellum
906 935 1124 980 Dacicum
1159 937 1352 981 scribere
1379 954 1520 995 paras.
1551 951 1570 984 1

86 995 207 1041 Nam
251 1011 365 1054 quae
404 999 497 1041 tam
537 1013 711 1055 recens,
752 1000 845 1042 tam
879 999 1081 1056 copiosa,
1123 1001 1217 1043 tam
1254 1000 1363 1055 lata,
1408 1016 1521 1058 quae

87 1059 282 1117 denique
313 1062 408 1103 tam
441 1061 620 1117 poetica
652 1064 697 1105 et
725 1076 999 1132 quamquam
1032 1062 1079 1105 in
1106 1063 1354 1107 verissimis
1388 1064 1521 1108 rebus

85 1124 178 1166 tam
211 1121 421 1167 fabulosa
453 1123 670 1167 materia?
715 1123 849 1168 Dices
890 1125 1076 1168 inmissa
1114 1125 1245 1169 terris
1285 1141 1404 1170 nova
1443 1127 1521 1171 flu·
1548 1139 1570 1172 2

85 1185 228 1243 mina,
258 1199 403 1230 novos
435 1189 597 1243 pontes
631 1186 895 1231 fluminibus
923 1187 1132 1246 iniectos,
1166 1189 1336 1233 11188883
1363 1191 1521 1233 castris

86 1221 312 1292 montium
357 1248 569 1306 abrupta,
615 1250 797 1306 pulsum
837 1250 979 1309 regia,
1032 1251 1214 1307 pulsum
1254 1252 1389 1295 etiam
1428 1253 1522 1296 vita

84 1325 239 1370 regem
270 1310 387 1355 nihil
420 1311 753 1370 desperantem3
794 1328 928 1370 super
960 1313 1071 1357 haec
1104 1317 1229 1358 actos
1262 1315 1331 1358 bis
1366 1316 1522 1358 trium-

83 1372 226 1431 phos,
258 1388 451 1431 quorum
485 1375 600 1419 alter
632 1391 687 1419 ex
713 1375 883 1419 invicta
910 1379 1044 1434 gente
1071 1376 1261 1434 primus,
1297 1377 1411 1421 alter
1443 1393 1521 1422 no-

83 1435 295 1480 vissimus
320 1436 418 1480 fuit.
478 1436 602 1494 Una,
636 1438 713 1482 sed
740 1439 936 1482 maxima
963 1439 1229 1496 difficultas,
1263 1441 1383 1497 quod
1410 1441 1521 1485 haec
1548 1453 1570 1485 3

83 1513 274 1557 aequare
301 1499 489 1544 dicendo
517 1500 727 1558 arduum,
757 1501 1027 1545 immensum
1055 1502 1190 1546 etiam
1216 1505 1296 1546 tuo
1324 1503 1522 1562 ingenio,

84 1577 358 1620 quamquam
391 1563 608 1607 altissime
649 1564 861 1622 adsurgat
902 1567 945 1607 et
979 1565 1268 1622 amplissimis
1309 1566 1519 1623 operibus

83 1625 315 1669 increscat.
379 1624 486 1670 Non
519 1627 671 1670 nullus
714 1629 757 1670 et
791 1628 838 1670 in
871 1627 950 1671 illo
984 1627 1132 1684 labor,
1170 1630 1222 1671 ut
1254 1628 1442 1672 barbara
1477 1632 1520 1672 et

82 1687 179 1731 fera
208 1688 412 1746 nomina,
455 1689 502 1732 in
535 1690 694 1746 primis
735 1690 853 1748 regis
897 1690 1058 1747 ipsius,
1103 1689 1282 1735 Graecis
1316 1692 1519 1735 versibus

116 1765 176 1794 on
194 1751 426 1795 resultent.
492 1749 579 1795 Sed
600 1752 716 1795 nihil
737 1754 823 1808 est,
857 1752 978 1809 quod
997 1768 1091 1796 non
1118 1756 1212 1796 arte
1234 1769 1446 1812 curaque,
1481 1755 1519 1798 si
1547 1768 1569 1800 4

82 1827 176 1857 non
194 1815 346 1871 potest
364 1814 498 1871 vinci,
520 1815 762 1873 mitigetur.
792 1813 1037 1872 Praeterea,
1059 1816 1097 1859 81
1118 1816 1250 1859 datur
1260 1815 1459 1861 Homero
1475 1821 1520 1861 et

82 1875 240 1919 mollia
271 1876 491 1920 vocabula
524 1880 569 1920 et
598 1875 766 1921 Graeca
800 1877 854 1921 ad
887 1878 1118 1922 levitatem
1155 1895 1310 1923 versus
1345 1882 1519 1924 contra-

81 1938 205 1995 here,
252 1938 507 1995 extendere,
548 1939 796 1996 inflectere,
840 1955 920 1984 cur
961 1941 1045 1985 tibi
1091 1942 1251 1986 similis
1296 1943 1518 1999 audentia,

83 2002 347 2058 praesertim
405 2017 499 2045 non
557 2002 765 2072 delicata,
835 2003 911 2047 sed
969 2005 1238 2061 necessaria,
1297 2005 1517 2064 negetur?

0 2105 20 2117 5,
81 2062 278 2108 Proinde
320 2064 416 2108 iure
455 2067 610 2108 vatum
652 2065 873 2110 invocatis
914 2066 982 2110 dis
1024 2069 1068 2110 et
1107 2067 1224 2111 inter
1264 2067 1370 2111 deos
1404 2068 1503 2111 i)so
1546 2080 1567 2112 5

82 2126 210 2170 cuius
236 2141 307 2171 res
354 2142 380 2170 o
416 2142 490 2171 era
536 2128 725 2172 consilia
757 2128 959 2173 dicturus
988 2144 1033 2173 88
1090 2130 1267 2173 inmitte
1294 2130 1518 2186 rudentes,

0 2231 1 2234 ,
81 2143 1081 2248 WWWO
1122 2193 1304 2251 ingenio
1347 2194 1516 2237 vehere.

83 2250 174 2297 Cui·
205 2252 325 2296 8111111
366 2268 460 2296 11011
493 2268 577 2312 ego
612 2268 792 2311 quoque
830 2255 1006 2311 poetice
1040 2270 1143 2299 cum
1170 2255 1335 2312 poeta?
1398 2255 1518 2300 Illud
1545 2268 1567 2300 6

183 2378 206 2411 3
226 2375 339 2413 foveo
359 2376 579 2413 orationem
600 2385 633 2413 3.
739 2381 783 2413 11
806 2376 888 2414 late
903 2378 963 2423 M,
984 2377 1091 2414 laeta
1112 2378 1228 2415 Gertz
1248 2379 1302 2415 ad
1317 2378 1405 2417 Scn.
1420 2379 1516 2416 dial.

90 2425 144 2462 Vi
166 2428 278 2471 11,1,
302 2426 508 2472 Guenther,
530 2426 615 2463 alta
635 2427 821 2465 Eussner.
844 2450 890 2454 —
913 2407 1077 2465 al’terum
1097 2440 1198 2474 quae
1218 2440 1289 2466 om.
1306 2430 1360 2467 M
1365 2442 1398 2474 r
1413 2429 1466 2466 K.
1481 2431 1515 2466 1.

82 2478 129 2510 27
158 2477 327 2523 negetur
352 2489 389 2523 a,
418 2478 555 2522 Merr„
582 2488 657 2514 no]
689 2477 806 2514 detur
832 2478 884 2514 M
891 2491 925 2523 r
951 2478 1052 2535 vulg:
1170 2481 1217 2515 28
1245 2479 1339 2516 deos
1366 2479 1452 2527 ipso
1479 2492 1516 2519 α

82 2525 280 2572 Beroald„
308 2527 360 2563 K.
376 2506 436 2573 ’IL
465 2528 600 2573 Merr„
635 2527 728 2564 deos
755 2528 862 2575 ipsos
888 2541 920 2573 r,
950 2539 1014 2565 eos
1042 2529 1128 2575 ipso
1157 2529 1217 2575 JI,
1246 2530 1298 2566 K.
1314 2531 1353 2575 I
1378 2530 1514 2567 Muell.
