1630 2678
168 141 226 186 24
759 134 795 171 C.
823 133 957 170 PLINI

168 250 242 307 qui
280 249 456 293 eandem
490 262 662 292 causam
702 246 832 289 simul
864 244 1112 299 audierunt,
1149 257 1278 300 saepe
1317 241 1550 297 diversum,

168 311 383 355 interdum
409 310 540 364 idem,
572 308 647 351 sed
674 323 726 350 ex
753 306 934 350 diversis
961 305 1096 348 animi
1121 303 1314 348 motibus
1342 303 1548 348 sentiunt.

97 380 140 413 18
168 371 392 415 Praeterea
430 385 529 413 suae
569 369 752 425 quisque
791 366 1034 410 inventioni
1072 366 1192 408 favet
1229 367 1274 408 et
1305 363 1434 422 quasi
1462 363 1549 408 for-

167 433 382 475 tissimum
420 430 715 487 amplectitur,
755 443 850 472 cum
895 428 949 470 ab
990 427 1076 470 alio
1110 427 1274 470 dictum
1307 427 1391 480 est,
1431 424 1549 483 quod

167 494 259 549 ipse
303 491 524 549 praevidit.
589 489 801 534 Omnibus
853 503 957 546 ergo
1009 487 1222 531 dandum‘
1251 489 1320 530 est
1369 485 1548 544 aliquid,
1573 505 1590 534 ⁵

98 564 141 596 14
170 554 285 610 quod
316 555 509 608 teneant,
552 551 669 608 quod
702 552 952 608 agnoscant.
1015 548 1139 592 Dixit
1170 547 1407 604 aliquando
1438 547 1550 599 mihi

167 614 379 672 Regulus,
418 627 514 656 cum
538 612 670 655 simul
690 612 955 654 adessemus:
990 609 1071 653 ‘Tu
1103 609 1271 666 omnia,
1302 623 1416 667 quae
1445 611 1550 653 sunt

168 677 212 719 in
244 690 389 730 causa,
419 677 547 730 putas
579 671 846 729 exequenda,
879 686 960 729 ego
993 670 1192 729 iugulum
1226 671 1377 714 statim
1407 669 1550 727 video,

167 737 282 779 hunc
306 734 484 792 premo.'
528 733 692 777 Premit
711 748 831 788 sane,
857 731 972 789 quod
999 732 1148 790 elegit,
1174 731 1249 775 sed
1274 731 1323 775 in
1347 730 1549 790 eligendo

98 807 140 839 15
167 797 413 853 frequenter
450 797 575 838 errat.
639 793 860 850 Respondi
892 807 1019 850 posse
1051 793 1165 850 fieri,
1203 795 1256 836 ut
1286 807 1404 851 genu
1435 794 1550 836 esset
1575 812 1612 840 ιο

167 860 242 900 aut
281 857 415 911 talus,
463 856 538 899 ubi
587 856 784 913 iugulum
826 857 1009 911 putaret.
1083 853 1158 897 ‘At
1208 852 1306 912 ego'
1356 852 1549 911 inquam,

168 918 256 975 ‘qui
289 917 486 975 iugulum
514 918 757 973 perspicere
782 931 871 958 non
896 930 1088 972 possum,
1120 916 1269 959 omnia
1286 916 1550 972 pertemptO,

97 990 140 1022 16
168 979 313 1022 omnia
344 978 562 1034 experior,
598 977 742 1019 πάντα
774 977 958 1032 denique
988 977 1126 1019 λίθον
1158 976 1298 1032 κινῶ,’
1335 977 1472 1033 utque
1502 975 1551 1020 in
1581 1004 1585 1007 «

168 1040 337 1083 cultura
370 1038 463 1096 agri
495 1053 583 1081 non
615 1038 761 1081 vineas
793 1040 984 1093 tantum,
1015 1052 1166 1080 verum
1199 1037 1330 1081 etiam
1359 1037 1552 1094 arbusta,

167 1115 246 1143 nec
287 1100 463 1142 arbusta
505 1101 693 1154 tantum,
743 1114 891 1141 verum
943 1099 1073 1142 etiam
1125 1113 1304 1156 campos
1355 1112 1461 1142 curo
1506 1101 1552 1142 et
1575 1117 1612 1146 15

167 1175 364 1217 exerceo,
404 1163 539 1215 utque
581 1160 625 1202 in
658 1159 764 1215 ipsis
803 1160 967 1216 campis
1000 1174 1088 1202 non
1121 1159 1189 1203 far
1220 1162 1297 1203 aut
1328 1159 1549 1218 siliginem

168 1222 324 1277 solam,
362 1221 436 1264 sed
473 1220 704 1276 hordeum,
741 1220 884 1263 fabam
925 1223 1152 1276 ceteraque
1184 1220 1410 1279 legumina
1440 1234 1551 1278 sero,

169 1282 229 1325 sic
269 1282 314 1324 in
355 1282 524 1324 actione
564 1282 691 1338 plura
733 1282 855 1336 quasi
897 1281 1061 1324 semina
1093 1281 1226 1325 latius
1268 1295 1448 1340 spargo,
1487 1283 1551 1338 ut,

98 1352 141 1383 17
169 1358 276 1399 quae
301 1343 595 1399 provenerint,
620 1342 835 1399 colligam.
886 1341 1040 1398 Neque
1072 1343 1188 1386 enim
1221 1342 1367 1386 minus
1391 1343 1552 1400 imper-

169 1404 333 1458 spicua,
374 1403 555 1458 incerta,
598 1403 771 1446 fallacia
815 1405 915 1446 sunt
957 1404 1149 1447 iudicum
1191 1403 1368 1462 ingenia
1417 1418 1551 1461 quam
1575 1423 1612 1452 ω

169 1467 474 1519 tempestatum
504 1467 813 1520 terrarumque.
869 1463 963 1507 Nec
995 1480 1063 1507 me
1089 1465 1297 1521 praeterit
1327 1479 1550 1509 summum

171 1527 383 1567 oratorem
415 1524 609 1567 Periclen
641 1525 703 1567 sic
735 1541 760 1567 a
791 1525 958 1568 comico
991 1526 1210 1582 Eupolide
1240 1525 1428 1570 laudari:

460 1604 602 1657 Πρὸς
634 1602 693 1646 δέ
721 1603 757 1659 γ’
794 1604 959 1647 αὐτοῦ
991 1609 1063 1663 τῷ
1094 1604 1243 1662 τάχει

244 1676 414 1718 πειθώ
447 1691 525 1726 τις
557 1674 857 1733 ἐπεκάθητο
890 1683 1034 1721 τοῖσι
1064 1679 1316 1735 χείλεσιν.

245 1745 411 1798 οὕτως
443 1746 636 1803 ἐκήλει,
667 1749 754 1791 καὶ
785 1751 948 1804 μόνος
980 1758 1083 1794 τῶν
1115 1751 1360 1809 ῥητόρων
1574 1777 1611 1805 ²5

243 1821 299 1863 τὸ
332 1820 555 1875 κέντρον
588 1820 926 1876 ἐγκατέλειπε
958 1830 1071 1875 τοῖς
1102 1823 1478 1881 ἀκροωμένοις.

99 1907 144 1940 18
171 1898 333 1942 Verum
384 1898 486 1942 huic
535 1899 618 1955 ipsi
664 1899 819 1944 Pericli
870 1917 949 1945 nec
998 1903 1075 1946 illa
1123 1903 1271 1948 πειθώ
1314 1918 1397 1948 1100
1439 1902 1550 1948 illud

170 1958 317 2016 ἐκήλει
356 1959 566 2003 brevitate
611 1961 678 2003 vel
718 1962 947 2005 velocitate
992 1964 1060 2006 vel
1100 1967 1284 2021 utraque
1323 1964 1551 2023 (differunt

267 2107 288 2138 4
303 2102 418 2148 ampl.
433 2104 470 2139 R
482 2104 617 2139 MVD
628 2112 662 2148 ς,
676 2105 739 2148 K.,
754 2106 888 2151 compl.
904 2107 1049 2152 Fma,
1067 2108 1161 2151 Otto,
1176 2109 1310 2146 Muell.
1387 2111 1434 2146 10
1447 2119 1550 2156 genu

170 2152 268 2187 esset
294 2152 502 2198 (genuisset
521 2152 571 2193 R)
599 2155 665 2187 aut
685 2153 784 2188 talus
805 2156 904 2191 RM
918 2156 1082 2201 VDm,
1111 2158 1175 2202 K.,
1196 2159 1329 2203 Meron,
1353 2157 1551 2206 genuisset

169 2201 238 2235 aut
255 2198 330 2235 sibi
349 2203 418 2234 aut
438 2200 523 2235 aliis
544 2201 584 2236 F
585 2212 631 2246 p,
658 2212 758 2247 genu
778 2205 878 2238 esset
898 2206 965 2239 aut
983 2204 1081 2240 tibia
1101 2207 1168 2241 aut
1185 2205 1287 2242 talus
1305 2219 1338 2252 r,
1358 2206 1550 2251 Beroazd,

171 2249 267 2293 Otto,
295 2249 424 2285 Muell.
526 2253 567 2283 11
597 2248 662 2284 ubi
688 2250 753 2286 ille
779 2251 857 2298 iug.
879 2253 927 2287 M
941 2253 1031 2297 VD,
1059 2255 1123 2298 K.,
1150 2255 1283 2291 Muell.
1386 2258 1431 2292 18
1454 2253 1550 2292 utor

161 2309 234 2344 pro
259 2294 373 2333 λίθον
393 2297 445 2341 D,
471 2297 517 2341 cf.
539 2298 675 2343 Eurip.
699 2299 849 2335 Heracl.
872 2305 977 2346 1002),
1003 2303 1086 2338 vide
1105 2303 1310 2345 Diam-ich,
1330 2304 1408 2341 Die
1428 2303 1550 2341 Grab-

165 2346 298 2389 schrift
328 2346 391 2382 des
416 2346 595 2381 Aberkios
621 2358 660 2392 p.
685 2350 746 2392 24,
771 2349 857 2384 adn.
885 2352 917 2384 4.
1021 2354 1065 2386 18
1091 2350 1209 2387 latius
1236 2352 1383 2388 semina
1409 2352 1549 2390 MVs.

167 2397 213 2430 23
239 2395 286 2439 cf.
313 2394 422 2430 schol.
450 2395 636 2440 Aristoph.
664 2397 828 2432 Aeharn.
855 2400 947 2442 504;
980 2400 1053 2435 Cic.
1080 2400 1124 2436 de
1151 2411 1202 2436 or.
1230 2401 1304 2436 111
1326 2403 1411 2446 138,
1436 2401 1549 2438 Brut.

165 2444 227 2487 38,
252 2446 321 2487 59;
348 2442 474 2490 Quint.
503 2443 543 2478 X
569 2447 602 2486 1,
629 2446 686 2479 82.
