1630 2678
79 679 92 802 Ι

148 147 234 192 152
739 139 777 176 c
799 138 934 175 PLINI

145 257 380 301 difficultas
407 254 548 312 operis
575 254 621 297 in
640 267 786 308 causa,
820 250 982 294 modici
1008 263 1059 293 ac
1084 247 1233 306 potius
1258 246 1430 306 exigui,
1457 245 1534 292 sed

144 317 301 362 inertia
337 317 447 372 eius,
485 315 554 359 cui
593 330 698 358 cura
741 312 946 356 mandata
983 313 1062 355 est.
1126 307 1257 354 Subit
1286 307 1534 368 indignatio

147 393 246 423 cum
278 377 553 422 miseratione
579 378 681 432 post
707 374 923 418 decimum
951 371 1107 415 mortis
1133 385 1298 415 annum
1323 369 1532 427 reliquias

144 440 476 497 neglectumque
509 438 696 480 cinerem
735 435 827 478 sine
859 434 1012 489 titulo,
1044 433 1139 476 sine
1169 431 1350 476 nomine
1381 431 1535 487 iacere,

97 513 119 545 4
145 501 266 544 cuius
298 498 508 543 memoria
540 497 687 540 orbem
720 499 934 540 terrarum
968 494 1110 553 gloria
1141 495 1416 552 pervagetur.
1473 490 1536 536 At

144 562 217 604 ille
261 560 539 604 mandaverat
584 560 859 613 camratque,
904 559 954 599 ut
999 555 1196 598 divinum
1234 554 1346 598 illud
1384 556 1429 598 et
1471 553 1535 597 in-

143 622 326 666 mortale
358 620 522 664 factum
555 619 752 663 versibus
785 617 1118 661 inscriberetur:

144 694 240 738 Hic
266 694 398 737 situs
425 696 503 737 est
523 692 708 748 Rufus,
736 692 888 748 pulso
917 689 1244 747 quiVindice
1274 687 1536 745 quondam

232 756 505 812 imperium
539 754 773 797 adseruit
803 767 906 796 non
939 752 1064 808 sibi,
1097 750 1187 794 sed
1219 749 1438 807 patriae.

95 840 115 872 5
141 828 248 872 Tam
286 843 383 872 rara
420 829 466 871 in
504 827 708 872 amicitiis
741 826 868 882 fides,
905 828 995 869 tam
1030 827 1184 882 parata
1217 823 1383 868 oblivio
1422 836 1537 869 mor-

141 893 336 944 tuorum,
375 892 424 932 ut
463 889 548 946 ipsi
583 888 710 932 nobis
745 887 976 931 debeamus
1016 886 1148 930 etiam
1181 884 1429 929 conditoria
1465 898 1538 928 ex-

95 963 116 995 6
142 954 306 994 struere
351 950 583 1007 omniaque
626 949 835 993 heredum
877 948 1026 992 officia
1064 961 1355 1004 praesumere.
1417 943 1536 989 Nam

142 1013 212 1055 cui
255 1027 345 1055 non
389 1014 454 1054 est
498 1011 756 1067 verendum,
799 1010 916 1067 quod
948 1009 1148 1052 videmus
1181 1007 1392 1052 accidisse
1429 1005 1538 1051 Ver-

142 1073 293 1131 ginio?
332 1073 454 1116 cuius
493 1072 697 1115 iniuriam
735 1074 785 1114 ut
823 1070 1116 1128 indigniorem
1135 1078 1137 1081 ’
1157 1069 1221 1114 sic
1259 1069 1392 1113 etiam
1423 1067 1537 1112 noti-

143 1149 261 1178 orem
294 1134 430 1189 ipsius
464 1134 638 1177 claritas
672 1133 790 1176 facit.
858 1132 980 1176 Vale.

169 1290 240 1324 700
255 1287 411 1343 καινάς
442 1300 480 1316 0·
502 1279 545 1311 ἃ·
576 1273 710 1310 (ΜᾸ·
806 1246 876 1286 XI·

495 1334 536 1367 C.
558 1334 758 1367 PLINIUS
785 1334 985 1368 MAXIMO
1013 1333 1107 1367 SUO
1136 1332 1174 1366 S.

97 1426 115 1458 1
229 1413 264 1458 Ο
298 1414 412 1458 diem
445 1415 630 1457 laetum!
663 1415 885 1458 adhibitus
918 1415 965 1458 in
997 1399 1232 1458 consilium
1265 1428 1291 1456 a
1316 1411 1536 1470 praefecto

143 1475 263 1518 urbis
295 1475 441 1519 audivi
473 1490 526 1518 ex
552 1475 722 1519 diverso
755 1479 932 1534 agentes
967 1489 1164 1519 summae
1196 1474 1310 1532 spei,
1342 1487 1537 1519 summae

141 1532 303 1579 ffifffilis
347 1536 542 1592 iuvenes,
599 1535 788 1580 Fuscum
837 1535 1130 1581 Salinatorem
1174 1538 1218 1579 et
1260 1533 1538 1580 Ummidium

146 1595 431 1653 Quadratum,
463 1598 683 1655 egregium
712 1614 791 1655 par
810 1613 891 1643 nec
911 1598 1042 1642 modo
1069 1597 1341 1654 temporibus
1360 1595 1537 1652 nostris,

97 1668 118 1701 2
146 1657 220 1701 sed
263 1657 419 1701 litteris
464 1659 571 1714 ipsis
617 1662 873 1703 ornamento
919 1659 1131 1703 futurum,
1205 1657 1318 1702 Mira
1360 1657 1537 1714 utrique

144 1718 360 1774 probitas,
386 1720 631 1762 constantia
651 1721 788 1776 salva,
815 1722 998 1765 decorus
1024 1720 1222 1776 habitus,
1248 1733 1296 1763 os
1316 1718 1539 1774 Latinum,

145 1793 232 1822 vox
255 1780 408 1834 virilis,
434 1783 562 1823 tenax
584 1782 803 1837 memoria,
824 1797 1033 1840 magnum
1053 1781 1300 1840 ingenium,
1324 1779 1536 1823 iudicium

146 1840 344 1896 aequale3
398 1855 507 1896 quae
552 1842 725 1899 singula
768 1843 877 1886 mihi
921 1843 1142 1899 voluptati
1182 1842 1361 1886 fuerunt
1404 1844 1535 1896 atque

145 1901 261 1944 inter
291 1901 398 1944 haec
430 1901 558 1957 illud,
591 1903 705 1958 quod
740 1907 782 1946 et
808 1905 892 1961 ipsi
925 1920 995 1948 me
1027 1907 1078 1947 ut
1102 1906 1336 1959 rectorem,
1367 1905 1419 1946 ut
1444 1916 1537 1945 ma-

147 1961 333 2020 gistrum
360 1962 643 2005 intuebantur
669 1967 712 2006 et
731 1965 802 2019 iis,
836 1966 911 2021 qui
932 1965 1190 2021 audiebant,
1223 1979 1292 2008 me
1312 1963 1538 2018 aemulari,

96 2032 118 2066 3
145 2022 253 2091 meis
298 2022 461 2066 instare
505 2024 701 2082 vestigiis
746 2026 1016 2069 videbantur.
1081 2025 1118 2070 O
1158 2026 1270 2069 diem
1319 2023 1536 2085 (repetam

145 2081 281 2140 emm)
314 2084 476 2127 laetum
508 2086 835 2141 notandumque
862 2088 971 2130 mihi
1004 2087 1315 2131 candidissimo
1348 2084 1536 2129 calculo!

145 2142 259 2196 Quid
285 2145 401 2187 enim
427 2147 503 2187 aut
528 2145 701 2202 publice
726 2147 882 2191 laetius
910 2164 1041 2204 quam
1067 2147 1333 2192 clarissimos
1357 2146 1536 2190 iuvenes

143 2220 305 2248 nomen
344 2208 387 2248 et
424 2206 587 2249 famam
626 2222 679 2250 ex
718 2208 872 2251 studiis
912 2212 1058 2265 petere
1091 2212 1167 2253 aut
1198 2208 1308 2252 mihi
1341 2206 1536 2264 optatius

145 2280 276 2323 quam
316 2281 385 2309 me
430 2267 483 2309 ad
529 2270 647 2311 recta
689 2268 967 2314 tendentibus
1013 2271 1138 2327 quasi
1179 2265 1404 2325 exemplar
1443 2282 1538 2311 esse

95 2338 119 2371 4
145 2327 453 2384 propositum‘.>
487 2327 613 2379 Quod
646 2330 853 2386 gaudium
887 2334 936 2374 ut
967 2334 1181 2388 perpetuo
1209 2330 1400 2387 capiam,
1431 2328 1536 2373 deos

241 2450 265 2482 4
290 2446 371 2482 sine
397 2447 511 2484 titulo
537 2459 607 2484 om.
632 2449 673 2484 D
679 2461 708 2494 p
718 2461 749 2485 r.
1235 2476 1257 2501 .

1562 838 1599 866 10

1563 1143 1599 1173 15

1561 1547 1599 1577 20

1561 1853 1597 1881 25
