1630 2678
519 110 875 149 EPISTULARUM
900 111 953 147 VI
980 114 1136 147 24—27.
1439 111 1523 155 167

125 227 187 271 sit
221 241 250 270 a
285 225 376 271 suis
415 241 472 269 an
504 239 605 269 cum
637 223 747 280 suis,
780 223 981 267 dubium:
1014 226 1132 267 certe
1163 237 1254 266 non
1286 223 1398 279 ipse,
1436 237 1527 266 non

125 287 360 346 quisquam
392 301 447 331 ex
478 287 615 330 servis
647 286 740 330 eius
773 285 992 342 apparuit.
1035 283 1218 328 Utinam
1242 298 1299 327 ne
1323 282 1526 327 Robusto

125 348 261 395 idem!
303 347 598 405 Experiamur
621 350 788 402 tamen,
808 360 1081 390 accersamus
1108 343 1341 402 Scaurum3
1372 343 1526 388 demus
1554 355 1575 387 5

125 410 212 454 hoo
241 409 352 466 tuis,
376 409 529 453 demus
562 408 721 477 optimi
752 381 1044 451 a'dulescentis
1076 405 1400 450 honestissimis
1432 421 1528 462 pre·

68 483 101 512 ι
125 470 269 528 cibus,
309 470 386 527 qui
416 471 581 528 pietate
613 470 743 524 mira,
776 468 888 512 mira
919 468 1052 512 etiam
1085 468 1325 526 sagacitate
1356 469 1527 524 patrem

125 532 309 590 quaerit,
391 531 450 575 Di
488 531 684 587 faveant,
728 533 779 573 ut
823 530 886 573 sic
931 529 1129 573 inveniat
1172 529 1339 586 ipsum,
1379 543 1527 584 quem·

125 593 362 637 admodum
396 593 505 648 iam,
535 607 636 636 cum
671 607 759 648 quo
792 591 966 646 fuisset,
999 590 1186 634 invenit!
1250 590 1372 633 Vale.

756 705 902 745 XXVI.
929 693 1235 761 θφ.ω.ί.,
1253 725 1302 744 0·
1326 705 1517 747 actm!

464 793 507 827 C.
529 793 731 826 PLINIUS
760 791 1009 826 SERVIANO
1038 792 1132 825 SUO
1162 793 1199 825 s.

66 877 102 903 ιο
220 860 398 906 Gaudeo
437 864 482 906 et
519 861 736 920 gratulor,
776 860 894 917 quod
926 859 1070 904 Fusco
1110 858 1349 903 Salinatori
1389 859 1530 902 filiam
1558 872 1577 904 1

126 926 251 967 tuam
276 922 517 967 destinasti.
582 922 752 966 Domus
785 922 991 979 patricia,
1022 924 1147 978 pater
1179 920 1532 976 honestissimus,

127 987 269 1029 mater
323 984 421 1041 pari
470 983 618 1040 laude3
669 983 763 1040 ipse
815 983 1057 1040 studiosus,
1107 983 1349 1038 litteratus,
1398 981 1531 1026 etiam

127 1045 337 1102 disertus,
386 1060 497 1103 puer
553 1044 854 1102 simplicitate,
895 1044 1102 1088 comitate
1150 1043 1340 1098 iuvenis,
1398 1058 1531 1087 senex
1556 1055 1578 1087 2

129 1106 364 1166 gravitate3
400 1121 545 1163 neque
584 1106 701 1150 enim
740 1120 888 1149 amore
928 1105 1133 1162 decipior.
1199 1104 1313 1148 Amo
1354 1104 1532 1161 quidem

67 1181 103 1210 ιι
128 1168 264 1213 effuse
291 1166 374 1226 (ita
406 1167 580 1223 officiis,
613 1167 677 1211 ita
707 1167 952 1211 reverentia
978 1164 1172 1225 meruit),
1198 1166 1346 1210 iudico
1371 1169 1533 1222 tamen,

127 1232 173 1274 et
204 1229 382 1287 quidem
414 1231 539 1273 tanto
573 1229 735 1284 acrius,
762 1230 928 1285 quanto
955 1228 1095 1286 magis
1123 1242 1240 1283 amo,
1267 1227 1456 1283 tibique,
1482 1229 1533 1270 ut

128 1291 205 1348 qui
237 1291 578 1348 exploraverim,
610 1262 806 1347 spondeo
834 1289 1087 1333 habiturum
1114 1291 1158 1332 te
1186 1304 1416 1346 generum,
1443 1303 1531 1345 quo

129 1351 285 1396 melior
309 1351 420 1410 fingi
451 1367 507 1395 ne
533 1354 638 1395 voto
667 1351 844 1408 quidem
871 1351 1030 1407 potuit.
1071 1349 1298 1407 Superest,
1324 1352 1375 1393 ut
1400 1364 1532 1393 avum
1558 1362 1580 1394 3

128 1417 172 1457 te
205 1427 337 1470 quam
370 1413 667 1457 maturissime
699 1412 912 1456 similium
947 1411 1014 1455 sui
1046 1411 1190 1455 faciat.
1250 1409 1392 1463 Quam
1425 1410 1532 1454 felix

68 1487 105 1516 n
130 1477 304 1532 tempus
336 1473 465 1531 illud,
500 1488 588 1530 quo
621 1474 731 1517 mihi
763 1473 926 1516 liberos
961 1473 1101 1528 illius,
1132 1475 1316 1541 nepotes
1348 1475 1450 1516 tuos
1483 1475 1534 1515 ut

130 1549 250 1580 meos
282 1535 354 1580 vel
383 1534 547 1579 liberos
580 1536 651 1578 vel
682 1537 864 1591 nepotes
898 1549 952 1577 ex
984 1536 1130 1577 vestro
1164 1534 1263 1577 sinu
1290 1548 1462 1577 sumere
1489 1536 1532 1576 et

130 1596 255 1654 quasi
287 1596 384 1654 pari
417 1597 510 1640 iure
543 1599 690 1640 tenere
724 1595 971 1653 continget!
1037 1593 1158 1638 Vale.

744 1709 911 1748 XXVII.
953 1690 1082 1738 “Ul’‘
1103 1688 1550 1768 ‘'“stuujrua’fst-f.

488 1798 529 1830 C.
557 1797 755 1829 PLINIUS
785 1796 978 1830 SEVERO
1008 1796 1102 1829 SUO
1131 1798 1169 1829 S..

69 1879 104 1906 εδ
223 1864 392 1923 Rogas,
429 1862 479 1908 ut
520 1864 730 1922 cogitem,
764 1864 868 1921 quid
903 1864 1157 1922 designatus
1191 1864 1346 1908 consul
1379 1863 1423 1906 in
1458 1864 1532 1906 ho·
1562 1875 1579 1908 1

131 1940 283 1970 norem
323 1925 535 1983 principis
574 1940 761 1969 censeas.
826 1924 986 1969 Facilis
1019 1925 1235 1981 inventio,
1267 1940 1356 1968 non
1390 1925 1533 1968 facilis

131 1987 307 2043 electio;
352 1989 420 2030 est
469 1987 585 2030 enim
637 2002 690 2030 ex
735 1986 973 2030 virtutibus
1018 1987 1112 2030 eius
1163 1987 1287 2044 larga
1338 1986 1532 2029 materia.

131 2046 331 2092 Scribam
375 2051 522 2091 tamen
566 2048 653 2103 vel,
699 2047 816 2104 quod
862 2049 999 2104 malo,
1037 2062 1184 2092 coram
1227 2047 1452 2102 indicabo,
1496 2048 1533 2090 si

131 2109 253 2167 prius
303 2109 639 2152 haesitationem
693 2124 832 2152 meam
885 2108 1129 2152 ostendero,
1195 2107 1380 2162 Dubito,
1425 2123 1529 2152 num

70 2184 106 2211 oo
132 2170 247 2214 idem
280 2169 363 2214 tibi
397 2170 577 2213 suadere
611 2170 727 2226 quod
761 2170 870 2214 mihi
903 2169 1096 2214 debeam.
1155 2169 1420 2227 Designatus
1450 2184 1532 2228 ego
1560 2180 1580 2213 2

132 2232 288 2276 consul
333 2232 453 2274 omni
492 2231 593 2284 hac,
635 2231 717 2274 etsi
756 2246 846 2274 non
885 2231 1155 2285 adulatione,
1198 2231 1343 2287 specie
1385 2233 1533 2275 tamen

231 2344 252 2376 2
278 2340 428 2376 utinam
451 2352 497 2375 ne
515 2339 684 2375 Robusto
706 2339 807 2375 idem
822 2350 843 2375 r
862 2340 1046 2384 (subaudi
1065 2339 1250 2375 acciderit
1269 2350 1288 2375 e
1298 2350 1337 2385 p.
1356 2341 1438 2383 166,
1453 2341 1533 2384 26),

133 2390 181 2435 cf.
207 2390 236 2426 I
255 2392 293 2434 2,
318 2392 363 2433 6;
391 2389 424 2424 V
445 2395 482 2433 8,
508 2392 552 2432 7;
575 2399 710 2435 paneq.
730 2391 792 2432 27,
812 2391 848 2432 2,
875 2390 919 2424 ut
945 2399 992 2425 ne
1020 2387 1168 2424 robusti
1195 2387 1351 2434 quidem
1382 2388 1533 2434 MDp,

136 2437 186 2474 K.
209 2438 257 2474 11
281 2438 392 2483 (disp.
421 2439 442 2473 l
460 2449 498 2483 p.
524 2440 581 2481 13,
612 2438 657 2473 II
677 2449 715 2483 p.
739 2440 792 2482 5),
821 2437 953 2473 Muell.
