1716 2742
391 134 726 175 PANEGYRIOU
725 137 749 174 S
777 140 836 184 55,
853 147 888 174 10
903 159 948 164 —-
964 140 1024 183 57,
1040 146 1066 175 5.
1352 138 1442 184 369

0 252 253 299 adierunt(
285 252 460 297 Decora
479 252 632 311 facies,
667 253 863 297 consulis
886 253 1028 297 multa
1049 255 1152 311 post
1173 253 1348 297 saecula
1368 252 1444 296 tri·
1472 264 1493 297 6

15 316 156 362 bunal
180 314 313 360 viridi
340 315 535 373 caespite
562 318 815 361 extructum
836 331 919 361 nec
939 316 1128 361 fascium
1149 318 1339 373 tantum,
1366 315 1443 360 sed

17 379 212 439 pilorum
247 377 569 438 signorumque
601 379 772 423 honore
807 379 1142 424 circumdatum.
1203 377 1443 438 Augebant

16 441 298 488 maiestatem
324 441 618 499 praesidentis
647 442 810 486 diversi
829 442 1156 500 postulantium
1183 442 1365 486 habitus
1392 456 1444 486 ao

17 504 223 550 dissonae
255 518 388 549 voces
422 519 610 562 raraque
644 505 739 549 sine
771 505 1015 563 interprete
1049 505 1205 549 oratio.
1271 504 1444 564 Magni-
1473 516 1491 549 7

14 567 151 613 ficum
172 569 242 612 est
260 566 432 612 civibus
453 567 568 624 iura,
597 568 704 624 quid
731 568 935 612 hostibus
962 568 1163 612 reddere!
1192 567 1443 625 speciosum

15 633 184 676 certam
217 629 306 675 fori
337 644 513 688 pacem,
547 630 655 687 quid
688 630 903 676 immanes
938 646 1120 688 campos
1155 631 1264 675 sella
1297 630 1443 675 curuli

14 693 289 752 victorisque
321 692 512 752 vestigio
546 708 765 751 premere,
799 694 1017 738 inminere
1054 694 1303 738 minacibus
1331 693 1442 751 ripis

14 758 165 802 tutum
187 756 499 814 quietumque,
527 771 734 814 spernere
755 757 967 801 barbaros
987 757 1193 801 fremitus
1214 757 1443 801 hostilem-

16 834 106 878 que
128 821 342 864 terrorem
369 833 462 863 non
488 834 715 863 armorum
743 820 886 878 magis
910 835 1041 878 quam
1063 822 1271 878 togarum
1298 822 1444 864 osten-

13 882 186 928 tatione
219 882 518 940 compescere!
564 881 721 939 Itaque
750 898 843 926 non
872 885 916 927 te
947 883 1064 940 apud
1095 883 1334 942 imagines,
1366 883 1443 927 sed
1470 892 1492 926 8

14 945 164 1004 ipsum
209 948 490 1004 praesentem
533 944 877 1002 audientemque
921 946 1264 990 consalutabant
1304 946 1442 1004 impe-

13 1010 229 1067 ratorem,
279 1023 553 1066 nomenque,
608 1008 728 1066 quod
771 1009 846 1052 alii
893 1009 1074 1053 domitis
1121 1008 1348 1067 hostibus,
1392 1011 1443 1054 tu

15 1071 286 1130 contemptis
318 1071 554 1116 merebare.

108 1133 234 1180 Haec
258 1135 357 1180 laus
397 1133 486 1179 acti
519 1134 799 1190 consulatus,
838 1134 917 1179 illa
957 1135 1102 1191 dilati,
1144 1135 1263 1191 quod
1297 1134 1443 1179 adhuc
1457 1132 1518 1180 57

13 1197 144 1243 initio
183 1197 462 1257 principatus
503 1199 555 1241 ut
593 1197 682 1240 iam
722 1197 964 1242 exsatiatus
1006 1197 1253 1242 honoribus
1294 1200 1339 1242 et
1371 1213 1444 1242 ex-

13 1261 162 1320 pletus
189 1261 472 1306 consulatum
499 1260 735 1317 recusasti,
765 1275 897 1318 quem
923 1260 1030 1304 novi
1056 1261 1345 1318 imperatores
1373 1260 1444 1305 de-

15 1323 232 1369 stinatum
265 1323 366 1368 aliis
399 1323 447 1368 in
479 1338 527 1367 se
559 1323 901 1367 transferebant.
960 1323 1065 1367 Fuit
1098 1324 1254 1381 etiam,
1287 1323 1364 1381 qui
1396 1323 1444 1368 in
1471 1335 1492 1368 2

14 1386 302 1446 principatus·
337 1386 407 1431 sui
448 1386 538 1431 fine
581 1386 886 1444 consulatum,
935 1402 1066 1444 quem
1114 1385 1295 1430 dederat
1335 1387 1444 1444 ipse,

15 1465 181 1510 magna
200 1465 256 1495 ex
274 1451 401 1508 parte
421 1449 511 1494 iam
532 1452 711 1509 gestum
733 1452 1019 1507 extorqueret
1040 1452 1084 1493 et
1103 1452 1290 1507 raperet.
1343 1448 1444 1494 Hoc

14 1528 122 1573 ergo
142 1512 333 1571 honore,
368 1527 501 1571 quem
523 1515 568 1557 et
588 1512 851 1570 incipientes
872 1512 1097 1570 principes
1127 1515 1172 1557 et
1192 1512 1443 1558 desinentes

14 1575 124 1621 adeo
158 1576 502 1634 concupiscunt,
542 1578 594 1620 ut
634 1575 857 1633 auferant,
895 1578 946 1619 tu
986 1575 1132 1619 otioso
1176 1590 1227 1620 ac
1259 1578 1445 1620 vacante

14 1639 203 1698 privatis
230 1638 415 1685 cessisti.
480 1637 792 1683 Invidiosusne
820 1641 915 1683 erat
942 1641 1019 1682 aut
1044 1638 1129 1682 tibi
1156 1638 1313 1684 tertius
1342 1654 1445 1683 con·
1472 1649 1493 1683 3

14 1702 187 1747 sulatus
214 1704 293 1747 aut
317 1702 514 1760 principi
539 1702 741 1760 primus?
784 1701 902 1746 Nam
931 1702 1174 1746 secundum
1201 1701 1446 1759 imperator

17 1764 218 1823 quidem,
246 1768 326 1810 sub
354 1765 624 1823 imperatore
651 1768 803 1808 tamen
820 1764 972 1821 inisti,
999 1764 1203 1822 nihilque
1231 1764 1445 1823 imputari

14 1827 63 1873 in
96 1843 148 1873 eo
181 1828 254 1873 vel
292 1828 454 1873 honori
494 1830 645 1887 potest
678 1828 749 1872 vel
790 1828 993 1885 exemplo
1033 1827 1122 1871 nisi
1165 1827 1443 1886 obsequium.

14 1891 86 1936 Ita
126 1906 253 1949 vero,
302 1907 416 1950 quae
458 1891 615 1936 civitas
660 1890 898 1949 quinquies
944 1893 1078 1948 atque
1122 1890 1255 1935 etiam
1300 1891 1443 1936 sexies
1471 1903 1494 1936 4

15 1954 221 2000 consules
253 1954 388 2012 vidit,
426 1970 519 1999 non
552 1955 675 2012 illos,
718 1954 795 2011 qui
838 1953 1068 2011 expirante
1108 1953 1197 1997 iam
1236 1953 1444 1998 libertate

15 2033 95 2076 per
126 2017 219 2062 vim
252 2031 305 2062 ac
336 2018 581 2062 tumultum
615 2017 899 2075 creabantur,
932 2017 1009 2061 sed
1037 2017 1200 2074 quibus
1235 2017 1443 2075 sepositis

17 2082 62 2125 et
87 2079 346 2126 absentibus
373 2080 422 2125 in
447 2096 553 2124 rura
580 2095 660 2124 sua
688 2080 947 2124 consulatus
974 2080 1254 2138 ferebantur,
1286 2080 1334 2124 in
1359 2081 1444 2125 hac

15 2142 196 2188 civitate
237 2144 421 2188 tertium
465 2143 747 2188 consulatum
788 2143 996 2201 princeps
1043 2143 1217 2202 generis
1259 2143 1444 2188 humani

15 2208 68 2251 ut
108 2221 399 2267 praegravem
441 2205 687 2251 recusasti?
743 2205 946 2250 Tantone
985 2205 1177 2264 Papiriis
1222 2206 1357 2250 etiam
1400 2208 1445 2251 et
1472 2218 1493 2252 5

16 2267 212 2323 Quintiis
232 2270 506 2314 moderatior
526 2268 759 2328 Augustus
787 2271 831 2313 et
852 2267 1013 2314 Caesar
1033 2271 1077 2313 et
1096 2271 1225 2327 pater
1243 2269 1445 2326 patriae?

15 2330 79 2376 At
110 2332 214 2377 illos
246 2348 316 2377 res
349 2332 530 2391 publica
570 2332 725 2377 ciebat.
793 2331 941 2385 Quid?
978 2335 1023 2376 te
1055 2347 1148 2376 non
1187 2332 1339 2377 eadem
1373 2348 1443 2377 res

117 2485 164 2519 16
187 2481 404 2519 exsatiatus
418 2481 468 2527 A,
490 2481 662 2529 Guspin„
677 2482 818 2520 Baehr.
831 2494 874 2530 p.
890 2482 1052 2529 XXIV,
1069 2482 1219 2528 Muell„
1235 2483 1442 2519 excusatus

15 2537 97 2571 cett.
126 2532 246 2579 codd„
274 2533 341 2579 K„
368 2533 573 2569 excusatus
601 2533 742 2571 Baehr.
771 2533 814 2571 in
841 2537 1029 2572 contextu.

91 2609 238 2637 PLINIUS
258 2608 383 2636 Mmoss
400 2613 458 2638 ΕΙ).
478 2609 646 2637 KUKULA.
1171 2612 1217 2645 24
