<?xml version="1.0" encoding="UTF-8"?>
<!DOCTYPE html PUBLIC "-//W3C//DTD XHTML 1.0 Transitional//EN"
    "http://www.w3.org/TR/xhtml1/DTD/xhtml1-transitional.dtd">
<html xmlns="http://www.w3.org/1999/xhtml" xml:lang="en" lang="en">
 <head>
  <title>
</title>
<meta http-equiv="Content-Type" content="text/html;charset=utf-8" />
  <meta name='ocr-system' content='tesseract 3.04.00' />
  <meta name='ocr-capabilities' content='ocr_page ocr_carea ocr_par ocr_line ocrx_word'/>
</head>
<body>
  <div class='ocr_page' id='page_1' title='image "./epistularumlibr00plin_0091.png"; bbox 0 0 1630 2678; ppageno 0'>
   <div class='ocr_carea' id='block_1_1' title="bbox 0 118 1515 200">
    <p class='ocr_par' dir='ltr' id='par_1_1' title="bbox 0 118 1515 200">
     <span class='ocr_line' id='line_1_1' title="bbox 0 118 1515 200; baseline 0.002 -16"><span class='ocrx_word' id='word_1_1' title='bbox 0 118 2 124; x_wconf 64' lang='grc'><strong>’</strong></span> <span class='ocrx_word' id='word_1_2' title='bbox 53 120 57 124; x_wconf 65' lang='grc'><strong>’</strong></span> <span class='ocrx_word' id='word_1_3' title='bbox 420 187 439 200; x_wconf 35' lang='grc'><strong>,,</strong></span> <span class='ocrx_word' id='word_1_4' title='bbox 482 147 837 186; x_wconf 76' lang='lat' dir='ltr'>EPISTULARUM</span> <span class='ocrx_word' id='word_1_5' title='bbox 861 148 915 186; x_wconf 93' lang='lat'><strong>111</strong></span> <span class='ocrx_word' id='word_1_6' title='bbox 941 152 1072 186; x_wconf 78' lang='lat'>9-11.</span> <span class='ocrx_word' id='word_1_7' title='bbox 1458 152 1515 196; x_wconf 81' lang='lat'><strong>75</strong></span> 
     </span>
    </p>
   </div>
   <div class='ocr_carea' id='block_1_2' title="bbox 49 259 1567 1293">
    <p class='ocr_par' dir='ltr' id='par_1_2' title="bbox 49 259 1567 1293">
     <span class='ocr_line' id='line_1_2' title="bbox 113 259 1516 320; baseline 0 -14"><span class='ocrx_word' id='word_1_8' title='bbox 113 259 221 306; x_wconf 69' lang='lat' dir='ltr'><strong>sofi-</strong></span> <span class='ocrx_word' id='word_1_9' title='bbox 249 262 341 318; x_wconf 82' lang='lat' dir='ltr'><strong>est,</strong></span> <span class='ocrx_word' id='word_1_10' title='bbox 371 260 497 306; x_wconf 90' lang='lat' dir='ltr'><strong>cuius</strong></span> <span class='ocrx_word' id='word_1_11' title='bbox 527 260 671 305; x_wconf 85' lang='lat' dir='ltr'><strong>famae</strong></span> <span class='ocrx_word' id='word_1_12' title='bbox 702 261 836 305; x_wconf 86' lang='lat' dir='ltr'><strong>latius</strong></span> <span class='ocrx_word' id='word_1_13' title='bbox 875 262 1149 317; x_wconf 88' lang='lat' dir='ltr'><strong>consuletur,</strong></span> <span class='ocrx_word' id='word_1_14' title='bbox 1193 262 1231 306; x_wconf 90' lang='lat' dir='ltr'><strong>si</strong></span> <span class='ocrx_word' id='word_1_15' title='bbox 1263 262 1516 320; x_wconf 87' lang='lat' dir='ltr'><strong>dispensata</strong></span> 
     </span>
     <span class='ocr_line' id='line_1_3' title="bbox 112 294 1564 382; baseline -0.001 -15"><span class='ocrx_word' id='word_1_16' title='bbox 112 324 160 367; x_wconf 80' lang='lat' dir='ltr'><strong>et</strong></span> <span class='ocrx_word' id='word_1_17' title='bbox 187 294 362 382; x_wconf 64' lang='lat' dir='ltr'><strong>digest’a</strong></span> <span class='ocrx_word' id='word_1_18' title='bbox 388 321 534 366; x_wconf 88' lang='lat' dir='ltr'><strong>fuerit.</strong></span> <span class='ocrx_word' id='word_1_19' title='bbox 597 322 764 366; x_wconf 90' lang='lat' dir='ltr'><strong>Verum</strong></span> <span class='ocrx_word' id='word_1_20' title='bbox 789 323 1026 367; x_wconf 76' lang='lat' dir='ltr'><strong>haesitanti</strong></span> <span class='ocrx_word' id='word_1_21' title='bbox 1058 295 1186 380; x_wconf 74' lang='lat' dir='ltr'><strong>milii,</strong></span> <span class='ocrx_word' id='word_1_22' title='bbox 1211 325 1378 380; x_wconf 90' lang='lat' dir='ltr'><strong>omnia,</strong></span> <span class='ocrx_word' id='word_1_23' title='bbox 1405 338 1516 381; x_wconf 90' lang='lat' dir='ltr'><strong>quae</strong></span> <span class='ocrx_word' id='word_1_24' title='bbox 1542 333 1564 365; x_wconf 82' lang='lat'>4</span> 
     </span>
     <span class='ocr_line' id='line_1_4' title="bbox 111 383 1516 454; baseline 0.001 -27"><span class='ocrx_word' id='word_1_25' title='bbox 111 383 201 428; x_wconf 78' lang='lat' dir='ltr'><strong>iam</strong></span> <span class='ocrx_word' id='word_1_26' title='bbox 225 383 475 441; x_wconf 87' lang='lat' dir='ltr'><strong>composui,</strong></span> <span class='ocrx_word' id='word_1_27' title='bbox 504 383 631 428; x_wconf 81' lang='lat' dir='ltr'><strong>vobis</strong></span> <span class='ocrx_word' id='word_1_28' title='bbox 656 383 908 427; x_wconf 80' lang='lat' dir='ltr'><strong>exhiberem</strong></span> <span class='ocrx_word' id='word_1_29' title='bbox 933 400 990 428; x_wconf 87' lang='lat' dir='ltr'><strong>an</strong></span> <span class='ocrx_word' id='word_1_30' title='bbox 1021 384 1166 428; x_wconf 83' lang='lat' dir='ltr'><strong>adhuc</strong></span> <span class='ocrx_word' id='word_1_31' title='bbox 1190 385 1341 454; x_wconf 79' lang='lat' dir='ltr'><strong>aliqua</strong></span> <span class='ocrx_word' id='word_1_32' title='bbox 1371 385 1516 429; x_wconf 87' lang='lat' dir='ltr'><strong>differ-</strong></span> 
     </span>
     <span class='ocr_line' id='line_1_5' title="bbox 110 444 1515 504; baseline 0.001 -15"><span class='ocrx_word' id='word_1_33' title='bbox 110 458 219 502; x_wconf 74' lang='lat' dir='ltr'><strong>rem,</strong></span> <span class='ocrx_word' id='word_1_34' title='bbox 249 444 495 502; x_wconf 72' lang='lat' dir='ltr'><strong>simplicius</strong></span> <span class='ocrx_word' id='word_1_35' title='bbox 528 447 573 488; x_wconf 89' lang='lat' dir='ltr'><strong>et</strong></span> <span class='ocrx_word' id='word_1_36' title='bbox 604 445 788 489; x_wconf 89' lang='lat' dir='ltr'><strong>amicius</strong></span> <span class='ocrx_word' id='word_1_37' title='bbox 819 444 964 489; x_wconf 81' lang='lat' dir='ltr'><strong>visum</strong></span> <span class='ocrx_word' id='word_1_38' title='bbox 991 448 1058 489; x_wconf 86' lang='lat' dir='ltr'><strong>est</strong></span> <span class='ocrx_word' id='word_1_39' title='bbox 1084 446 1250 503; x_wconf 84' lang='lat' dir='ltr'><strong>omnia,</strong></span> <span class='ocrx_word' id='word_1_40' title='bbox 1281 447 1515 504; x_wconf 78' lang='lat' dir='ltr'><strong>praecipue</strong></span> 
     </span>
     <span class='ocr_line' id='line_1_6' title="bbox 69 505 1514 564; baseline 0 -12"><span class='ocrx_word' id='word_1_41' title='bbox 69 522 89 552; x_wconf 73' lang='grc' dir='ltr'>ι</span> <span class='ocrx_word' id='word_1_42' title='bbox 113 519 215 551; x_wconf 76' lang='lat' dir='ltr'><strong>cum</strong></span> <span class='ocrx_word' id='word_1_43' title='bbox 240 505 481 550; x_wconf 84' lang='lat' dir='ltr'><strong>adfirmetis</strong></span> <span class='ocrx_word' id='word_1_44' title='bbox 506 506 625 550; x_wconf 83' lang='lat' dir='ltr'><strong>intra</strong></span> <span class='ocrx_word' id='word_1_45' title='bbox 648 521 728 550; x_wconf 78' lang='lat' dir='ltr'><strong>vos</strong></span> <span class='ocrx_word' id='word_1_46' title='bbox 754 506 917 563; x_wconf 86' lang='lat' dir='ltr'><strong>futura,</strong></span> <span class='ocrx_word' id='word_1_47' title='bbox 942 506 1082 551; x_wconf 91' lang='lat' dir='ltr'><strong>donec</strong></span> <span class='ocrx_word' id='word_1_48' title='bbox 1106 508 1279 564; x_wconf 89' lang='lat' dir='ltr'><strong>placeat</strong></span> <span class='ocrx_word' id='word_1_49' title='bbox 1304 509 1514 552; x_wconf 73' lang='lat' dir='ltr'><strong>emittere.</strong></span> 
     </span>
     <span class='ocr_line' id='line_1_7' title="bbox 113 565 1565 626; baseline -0.001 -15"><span class='ocrx_word' id='word_1_50' title='bbox 113 565 244 620; x_wconf 84' lang='lat' dir='ltr'><strong>Quod</strong></span> <span class='ocrx_word' id='word_1_51' title='bbox 274 569 494 625; x_wconf 88' lang='lat' dir='ltr'><strong>superest,</strong></span> <span class='ocrx_word' id='word_1_52' title='bbox 524 582 654 626; x_wconf 87' lang='lat' dir='ltr'><strong>rogo,</strong></span> <span class='ocrx_word' id='word_1_53' title='bbox 685 570 736 611; x_wconf 91' lang='lat' dir='ltr'><strong>ut</strong></span> <span class='ocrx_word' id='word_1_54' title='bbox 767 568 864 624; x_wconf 87' lang='lat' dir='ltr'><strong>pari</strong></span> <span class='ocrx_word' id='word_1_55' title='bbox 897 567 1201 625; x_wconf 83' lang='lat' dir='ltr'><strong>simplicitate,</strong></span> <span class='ocrx_word' id='word_1_56' title='bbox 1232 569 1270 612; x_wconf 90' lang='lat' dir='ltr'><strong>si</strong></span> <span class='ocrx_word' id='word_1_57' title='bbox 1310 584 1398 626; x_wconf 89' lang='lat' dir='ltr'><strong>qua</strong></span> <span class='ocrx_word' id='word_1_58' title='bbox 1429 569 1516 613; x_wconf 88' lang='lat' dir='ltr'><strong>exi-</strong></span> <span class='ocrx_word' id='word_1_59' title='bbox 1543 578 1565 610; x_wconf 85' lang='lat'><strong>5</strong></span> 
     </span>
     <span class='ocr_line' id='line_1_8' title="bbox 113 627 1517 686; baseline 0.002 -14"><span class='ocrx_word' id='word_1_60' title='bbox 113 627 352 672; x_wconf 83' lang='lat' dir='ltr'><strong>stimabitis</strong></span> <span class='ocrx_word' id='word_1_61' title='bbox 393 627 603 685; x_wconf 86' lang='lat' dir='ltr'><strong>addenda,</strong></span> <span class='ocrx_word' id='word_1_62' title='bbox 648 629 978 685; x_wconf 85' lang='lat' dir='ltr'><strong>commutanda,</strong></span> <span class='ocrx_word' id='word_1_63' title='bbox 1020 630 1281 686; x_wconf 91' lang='lat' dir='ltr'><strong>omittenda,</strong></span> <span class='ocrx_word' id='word_1_64' title='bbox 1313 630 1517 675; x_wconf 88' lang='lat' dir='ltr'><strong>indicetis</strong></span> 
     </span>
     <span class='ocr_line' id='line_1_9' title="bbox 113 687 1567 747; baseline 0 -14"><span class='ocrx_word' id='word_1_65' title='bbox 113 689 234 734; x_wconf 85' lang='lat' dir='ltr'><strong>mihi.</strong></span> <span class='ocrx_word' id='word_1_66' title='bbox 297 687 492 734; x_wconf 88' lang='lat' dir='ltr'><strong>Difficile</strong></span> <span class='ocrx_word' id='word_1_67' title='bbox 524 692 592 733; x_wconf 87' lang='lat' dir='ltr'><strong>est</strong></span> <span class='ocrx_word' id='word_1_68' title='bbox 622 690 850 747; x_wconf 88' lang='lat' dir='ltr'><strong>hucusque</strong></span> <span class='ocrx_word' id='word_1_69' title='bbox 882 691 1108 734; x_wconf 76' lang='lat' dir='ltr'><strong>intendere</strong></span> <span class='ocrx_word' id='word_1_70' title='bbox 1148 692 1344 735; x_wconf 89' lang='lat' dir='ltr'><strong>animum</strong></span> <span class='ocrx_word' id='word_1_71' title='bbox 1376 692 1423 735; x_wconf 91' lang='lat' dir='ltr'><strong>in</strong></span> <span class='ocrx_word' id='word_1_72' title='bbox 1442 692 1518 736; x_wconf 89' lang='lat' dir='ltr'><strong>do·</strong></span> <span class='ocrx_word' id='word_1_73' title='bbox 1545 701 1567 733; x_wconf 83' lang='grc'><strong>6</strong></span> 
     </span>
     <span class='ocr_line' id='line_1_10' title="bbox 112 750 1518 810; baseline 0.002 -16"><span class='ocrx_word' id='word_1_74' title='bbox 112 750 226 808; x_wconf 74' lang='lat' dir='ltr'><strong>Iol-03</strong></span> <span class='ocrx_word' id='word_1_75' title='bbox 257 750 452 807; x_wconf 83' lang='lat' dir='ltr'><strong>difficile,</strong></span> <span class='ocrx_word' id='word_1_76' title='bbox 482 751 559 795; x_wconf 88' lang='lat' dir='ltr'><strong>sed</strong></span> <span class='ocrx_word' id='word_1_77' title='bbox 597 754 763 807; x_wconf 90' lang='lat' dir='ltr'><strong>tamen,</strong></span> <span class='ocrx_word' id='word_1_78' title='bbox 803 754 854 795; x_wconf 91' lang='lat' dir='ltr'><strong>ut</strong></span> <span class='ocrx_word' id='word_1_79' title='bbox 885 752 1171 809; x_wconf 85' lang='lat' dir='ltr'><strong>scalptorem‚</strong></span> <span class='ocrx_word' id='word_1_80' title='bbox 1202 755 1252 796; x_wconf 95' lang='lat' dir='ltr'><strong>ut</strong></span> <span class='ocrx_word' id='word_1_81' title='bbox 1288 753 1518 810; x_wconf 89' lang='lat' dir='ltr'><strong>pictorem,</strong></span> 
     </span>
     <span class='ocr_line' id='line_1_11' title="bbox 49 811 1518 871; baseline 0.001 -14"><span class='ocrx_word' id='word_1_82' title='bbox 49 829 90 857; x_wconf 75' lang='grc' dir='ltr'><strong>ιο</strong></span> <span class='ocrx_word' id='word_1_83' title='bbox 114 811 194 869; x_wconf 88' lang='lat' dir='ltr'><strong>qui</strong></span> <span class='ocrx_word' id='word_1_84' title='bbox 233 811 318 856; x_wconf 82' lang='lat' dir='ltr'><strong>filii</strong></span> <span class='ocrx_word' id='word_1_85' title='bbox 367 812 503 856; x_wconf 81' lang='lat' dir='ltr'><strong>vestri</strong></span> <span class='ocrx_word' id='word_1_86' title='bbox 546 812 785 870; x_wconf 83' lang='lat' dir='ltr'><strong>imaginem</strong></span> <span class='ocrx_word' id='word_1_87' title='bbox 827 813 1009 869; x_wconf 84' lang='lat' dir='ltr'><strong>faceret,</strong></span> <span class='ocrx_word' id='word_1_88' title='bbox 1053 813 1368 867; x_wconf 89' lang='lat' dir='ltr'><strong>admoneretis,</strong></span> <span class='ocrx_word' id='word_1_89' title='bbox 1411 815 1518 871; x_wconf 90' lang='lat' dir='ltr'><strong>quid</strong></span> 
     </span>
     <span class='ocr_line' id='line_1_12' title="bbox 111 872 1519 944; baseline 0.002 -28"><span class='ocrx_word' id='word_1_90' title='bbox 111 872 368 931; x_wconf 77' lang='lat' dir='ltr'><strong>exprimere,</strong></span> <span class='ocrx_word' id='word_1_91' title='bbox 400 873 508 930; x_wconf 92' lang='lat' dir='ltr'><strong>quid</strong></span> <span class='ocrx_word' id='word_1_92' title='bbox 539 873 770 918; x_wconf 87' lang='lat' dir='ltr'><strong>emendare</strong></span> <span class='ocrx_word' id='word_1_93' title='bbox 803 873 1002 930; x_wconf 91' lang='lat' dir='ltr'><strong>deberet,</strong></span> <span class='ocrx_word' id='word_1_94' title='bbox 1033 875 1096 918; x_wconf 91' lang='lat' dir='ltr'><strong>ita</strong></span> <span class='ocrx_word' id='word_1_95' title='bbox 1126 890 1196 919; x_wconf 93' lang='lat' dir='ltr'><strong>me</strong></span> <span class='ocrx_word' id='word_1_96' title='bbox 1223 890 1399 944; x_wconf 83' lang='lat' dir='ltr'><strong>quoque</strong></span> <span class='ocrx_word' id='word_1_97' title='bbox 1430 876 1519 920; x_wconf 89' lang='lat' dir='ltr'><strong>for-</strong></span> 
     </span>
     <span class='ocr_line' id='line_1_13' title="bbox 110 934 1516 993; baseline 0.002 -15"><span class='ocrx_word' id='word_1_98' title='bbox 110 935 241 991; x_wconf 74' lang='lat' dir='ltr'><strong>mate,</strong></span> <span class='ocrx_word' id='word_1_99' title='bbox 271 934 426 993; x_wconf 89' lang='lat' dir='ltr'><strong>regite,</strong></span> <span class='ocrx_word' id='word_1_100' title='bbox 457 934 534 992; x_wconf 91' lang='lat' dir='ltr'><strong>qui</strong></span> <span class='ocrx_word' id='word_1_101' title='bbox 564 950 656 979; x_wconf 89' lang='lat' dir='ltr'><strong>non</strong></span> <span class='ocrx_word' id='word_1_102' title='bbox 687 935 891 993; x_wconf 74' lang='lat' dir='ltr'><strong>fragilem</strong></span> <span class='ocrx_word' id='word_1_103' title='bbox 923 938 968 979; x_wconf 92' lang='lat' dir='ltr'><strong>et</strong></span> <span class='ocrx_word' id='word_1_104' title='bbox 1000 936 1221 991; x_wconf 82' lang='lat' dir='ltr'><strong>caducam,</strong></span> <span class='ocrx_word' id='word_1_105' title='bbox 1254 937 1368 980; x_wconf 89' lang='lat' dir='ltr'><strong>sed</strong></span> <span class='ocrx_word' id='word_1_106' title='bbox 1356 952 1516 981; x_wconf 87' lang='lat' dir='ltr'><strong>mmor-</strong></span> 
     </span>
     <span class='ocr_line' id='line_1_14' title="bbox 110 970 1517 1066; baseline 0.002 -27"><span class='ocrx_word' id='word_1_107' title='bbox 110 995 270 1052; x_wconf 80' lang='lat' dir='ltr'><strong>talem,</strong></span> <span class='ocrx_word' id='word_1_108' title='bbox 307 998 360 1040; x_wconf 92' lang='lat' dir='ltr'><strong>ut</strong></span> <span class='ocrx_word' id='word_1_109' title='bbox 402 1010 481 1040; x_wconf 81' lang='lat' dir='ltr'><strong>vos</strong></span> <span class='ocrx_word' id='word_1_110' title='bbox 526 996 709 1053; x_wconf 89' lang='lat' dir='ltr'><strong>putatis,</strong></span> <span class='ocrx_word' id='word_1_111' title='bbox 752 997 946 1066; x_wconf 83' lang='lat' dir='ltr'><strong>effigiem</strong></span> <span class='ocrx_word' id='word_1_112' title='bbox 990 1012 1127 1041; x_wconf 89' lang='grc'>001101</span> <span class='ocrx_word' id='word_1_113' title='bbox 1167 970 1359 1042; x_wconf 59' lang='lat' dir='ltr'><strong>ef&#39;ficere:</strong></span> <span class='ocrx_word' id='word_1_114' title='bbox 1405 1013 1517 1056; x_wconf 88' lang='lat' dir='ltr'><strong>quae</strong></span> 
     </span>
     <span class='ocr_line' id='line_1_15' title="bbox 112 1055 1519 1115; baseline 0.002 -15"><span class='ocrx_word' id='word_1_115' title='bbox 112 1055 200 1101; x_wconf 88' lang='lat' dir='ltr'><strong>hoc</strong></span> <span class='ocrx_word' id='word_1_116' title='bbox 238 1056 490 1101; x_wconf 86' lang='lat' dir='ltr'><strong>diuturnior</strong></span> <span class='ocrx_word' id='word_1_117' title='bbox 544 1058 645 1114; x_wconf 85' lang='lat' dir='ltr'><strong>erit,</strong></span> <span class='ocrx_word' id='word_1_118' title='bbox 703 1073 792 1115; x_wconf 93' lang='lat' dir='ltr'><strong>quo</strong></span> <span class='ocrx_word' id='word_1_119' title='bbox 849 1058 1014 1115; x_wconf 83' lang='lat' dir='ltr'><strong>verior,</strong></span> <span class='ocrx_word' id='word_1_120' title='bbox 1054 1059 1230 1115; x_wconf 90' lang='lat' dir='ltr'><strong>melior,</strong></span> <span class='ocrx_word' id='word_1_121' title='bbox 1271 1059 1519 1104; x_wconf 77' lang='lat' dir='ltr'><strong>absolutior</strong></span> 
     </span>
     <span class='ocr_line' id='line_1_16' title="bbox 52 1116 490 1162; baseline 0 0"><span class='ocrx_word' id='word_1_122' title='bbox 52 1133 90 1162; x_wconf 74' lang='grc'><strong>11</strong></span> <span class='ocrx_word' id='word_1_123' title='bbox 113 1116 258 1162; x_wconf 76' lang='lat' dir='ltr'><strong>fuerit</strong></span> <span class='ocrx_word' id='word_1_124' title='bbox 322 1117 490 1162; x_wconf 85' lang='lat' dir='ltr'><strong>Valete.</strong></span> 
     </span>
     <span class='ocr_line' id='line_1_17' title="bbox 778 1178 1535 1260; baseline 0.017 -37"><span class='ocrx_word' id='word_1_125' title='bbox 778 1183 849 1225; x_wconf 78' lang='lat' dir='ltr'><strong>XI.</strong></span> <span class='ocrx_word' id='word_1_126' title='bbox 907 1178 1089 1225; x_wconf 57' lang='lat' dir='ltr'><strong>mn</strong></span> <span class='ocrx_word' id='word_1_127' title='bbox 1094 1188 1231 1227; x_wconf 55' lang='lat' dir='ltr'><strong>drus</strong></span> <span class='ocrx_word' id='word_1_128' title='bbox 1250 1191 1348 1251; x_wconf 60' lang='grc' dir='ltr'><strong>βᾸι</strong></span> <span class='ocrx_word' id='word_1_129' title='bbox 1333 1183 1388 1232; x_wconf 71' lang='lat'><strong>170</strong></span> <span class='ocrx_word' id='word_1_130' title='bbox 1368 1192 1535 1260; x_wconf 46' lang='lat' dir='ltr'><strong>explens</strong></span> 
     </span>
     <span class='ocr_line' id='line_1_18' title="bbox 367 1257 1262 1293; baseline 0.002 -2"><span class='ocrx_word' id='word_1_131' title='bbox 367 1257 410 1292; x_wconf 87' lang='lat' dir='ltr'><strong>c.</strong></span> <span class='ocrx_word' id='word_1_132' title='bbox 431 1258 633 1292; x_wconf 78' lang='lat' dir='ltr'>PLINIUS</span> <span class='ocrx_word' id='word_1_133' title='bbox 661 1259 803 1293; x_wconf 86' lang='lat' dir='ltr'>1UL10</span> <span class='ocrx_word' id='word_1_134' title='bbox 831 1259 1073 1293; x_wconf 78' lang='lat' dir='ltr'>GENITORI</span> <span class='ocrx_word' id='word_1_135' title='bbox 1101 1260 1161 1293; x_wconf 73' lang='lat' dir='ltr'><strong>St</strong></span> <span class='ocrx_word' id='word_1_136' title='bbox 1165 1261 1195 1293; x_wconf 91' lang='grc' dir='ltr'>Ο</span> <span class='ocrx_word' id='word_1_137' title='bbox 1225 1261 1262 1293; x_wconf 89' lang='lat' dir='ltr'><strong>S.</strong></span> 
     </span>
    </p>
   </div>
   <div class='ocr_carea' id='block_1_3' title="bbox 51 1324 1566 2180">
    <p class='ocr_par' dir='ltr' id='par_1_3' title="bbox 51 1324 1563 1508">
     <span class='ocr_line' id='line_1_19' title="bbox 191 1324 1563 1386; baseline 0 -16"><span class='ocrx_word' id='word_1_138' title='bbox 191 1324 277 1370; x_wconf 77' lang='lat' dir='ltr'><strong>Est</strong></span> <span class='ocrx_word' id='word_1_139' title='bbox 307 1326 487 1370; x_wconf 90' lang='lat' dir='ltr'><strong>omnino</strong></span> <span class='ocrx_word' id='word_1_140' title='bbox 521 1325 790 1371; x_wconf 88' lang='lat' dir='ltr'><strong>Artemidori</strong></span> <span class='ocrx_word' id='word_1_141' title='bbox 822 1329 965 1371; x_wconf 83' lang='lat' dir='ltr'><strong>nostri</strong></span> <span class='ocrx_word' id='word_1_142' title='bbox 998 1331 1088 1371; x_wconf 87' lang='lat' dir='ltr'><strong>tam</strong></span> <span class='ocrx_word' id='word_1_143' title='bbox 1122 1328 1313 1386; x_wconf 88' lang='lat' dir='ltr'><strong>benigna</strong></span> <span class='ocrx_word' id='word_1_144' title='bbox 1345 1332 1516 1386; x_wconf 85' lang='lat' dir='ltr'><strong>natura,</strong></span> <span class='ocrx_word' id='word_1_145' title='bbox 1545 1338 1563 1370; x_wconf 89' lang='lat'><strong>1</strong></span> 
     </span>
     <span class='ocr_line' id='line_1_20' title="bbox 112 1386 1518 1435; baseline 0.003 -4"><span class='ocrx_word' id='word_1_146' title='bbox 112 1389 164 1431; x_wconf 91' lang='lat' dir='ltr'><strong>ut</strong></span> <span class='ocrx_word' id='word_1_147' title='bbox 206 1386 356 1431; x_wconf 87' lang='lat' dir='ltr'><strong>officia</strong></span> <span class='ocrx_word' id='word_1_148' title='bbox 399 1388 639 1432; x_wconf 87' lang='lat' dir='ltr'><strong>amicorum</strong></span> <span class='ocrx_word' id='word_1_149' title='bbox 686 1389 732 1432; x_wconf 91' lang='lat' dir='ltr'><strong>in</strong></span> <span class='ocrx_word' id='word_1_150' title='bbox 776 1389 917 1432; x_wconf 91' lang='lat' dir='ltr'><strong>maius</strong></span> <span class='ocrx_word' id='word_1_151' title='bbox 962 1390 1156 1432; x_wconf 83' lang='lat' dir='ltr'><strong>extollat.</strong></span> <span class='ocrx_word' id='word_1_152' title='bbox 1232 1388 1340 1434; x_wconf 90' lang='lat' dir='ltr'><strong>Inde</strong></span> <span class='ocrx_word' id='word_1_153' title='bbox 1385 1391 1518 1435; x_wconf 87' lang='lat' dir='ltr'><strong>etiam</strong></span> 
     </span>
     <span class='ocr_line' id='line_1_21' title="bbox 51 1449 1518 1508; baseline 0.003 -16"><span class='ocrx_word' id='word_1_154' title='bbox 51 1463 89 1493; x_wconf 78' lang='grc'><strong>10</strong></span> <span class='ocrx_word' id='word_1_155' title='bbox 113 1463 261 1492; x_wconf 90' lang='lat' dir='ltr'><strong>meum</strong></span> <span class='ocrx_word' id='word_1_156' title='bbox 292 1449 498 1493; x_wconf 86' lang='lat' dir='ltr'><strong>meritum</strong></span> <span class='ocrx_word' id='word_1_157' title='bbox 538 1453 587 1493; x_wconf 89' lang='lat' dir='ltr'><strong>ut</strong></span> <span class='ocrx_word' id='word_1_158' title='bbox 631 1465 735 1494; x_wconf 84' lang='lat' dir='ltr'><strong>vera</strong></span> <span class='ocrx_word' id='word_1_159' title='bbox 779 1450 841 1494; x_wconf 86' lang='lat' dir='ltr'><strong>ita</strong></span> <span class='ocrx_word' id='word_1_160' title='bbox 882 1466 1015 1507; x_wconf 88' lang='lat' dir='ltr'><strong>supra</strong></span> <span class='ocrx_word' id='word_1_161' title='bbox 1054 1451 1259 1494; x_wconf 88' lang='lat' dir='ltr'><strong>meritum</strong></span> <span class='ocrx_word' id='word_1_162' title='bbox 1297 1451 1518 1508; x_wconf 89' lang='lat' dir='ltr'><strong>praedica-</strong></span> 
     </span>
    </p>

    <p class='ocr_par' dir='ltr' id='par_1_4' title="bbox 53 1509 1566 2180">
     <span class='ocr_line' id='line_1_22' title="bbox 110 1509 1566 1570; baseline 0 -16"><span class='ocrx_word' id='word_1_163' title='bbox 110 1509 234 1554; x_wconf 84' lang='lat' dir='ltr'><strong>tione</strong></span> <span class='ocrx_word' id='word_1_164' title='bbox 265 1510 529 1555; x_wconf 82' lang='lat' dir='ltr'><strong>circumfert.</strong></span> <span class='ocrx_word' id='word_1_165' title='bbox 593 1511 830 1568; x_wconf 86' lang='lat' dir='ltr'><strong>Equidem,</strong></span> <span class='ocrx_word' id='word_1_166' title='bbox 863 1526 964 1555; x_wconf 91' lang='lat' dir='ltr'><strong>cum</strong></span> <span class='ocrx_word' id='word_1_167' title='bbox 997 1514 1142 1554; x_wconf 82' lang='lat' dir='ltr'><strong>essent</strong></span> <span class='ocrx_word' id='word_1_168' title='bbox 1173 1512 1430 1570; x_wconf 76' lang='lat' dir='ltr'><strong>philosophi</strong></span> <span class='ocrx_word' id='word_1_169' title='bbox 1463 1514 1517 1557; x_wconf 91' lang='lat' dir='ltr'><strong>ab</strong></span> <span class='ocrx_word' id='word_1_170' title='bbox 1545 1522 1566 1554; x_wconf 79' lang='lat'>2</span> 
     </span>
     <span class='ocr_line' id='line_1_23' title="bbox 112 1570 1516 1631; baseline 0.002 -16"><span class='ocrx_word' id='word_1_171' title='bbox 112 1570 223 1615; x_wconf 88' lang='lat' dir='ltr'><strong>urbe</strong></span> <span class='ocrx_word' id='word_1_172' title='bbox 254 1572 477 1628; x_wconf 89' lang='lat' dir='ltr'><strong>summoti,</strong></span> <span class='ocrx_word' id='word_1_173' title='bbox 507 1571 574 1616; x_wconf 90' lang='lat' dir='ltr'><strong>fui</strong></span> <span class='ocrx_word' id='word_1_174' title='bbox 606 1572 723 1630; x_wconf 86' lang='lat' dir='ltr'><strong>apud</strong></span> <span class='ocrx_word' id='word_1_175' title='bbox 769 1572 895 1616; x_wconf 91' lang='lat' dir='ltr'><strong>illum</strong></span> <span class='ocrx_word' id='word_1_176' title='bbox 929 1572 974 1615; x_wconf 92' lang='lat' dir='ltr'><strong>in</strong></span> <span class='ocrx_word' id='word_1_177' title='bbox 1020 1572 1273 1617; x_wconf 87' lang='lat' dir='ltr'><strong>suburbano</strong></span> <span class='ocrx_word' id='word_1_178' title='bbox 1320 1576 1383 1630; x_wconf 90' lang='lat' dir='ltr'><strong>et,</strong></span> <span class='ocrx_word' id='word_1_179' title='bbox 1428 1590 1516 1631; x_wconf 92' lang='lat' dir='ltr'><strong>quo</strong></span> 
     </span>
     <span class='ocr_line' id='line_1_24' title="bbox 87 1617 1518 1695; baseline 0.003 -19.072"><span class='ocrx_word' id='word_1_180' title='bbox 87 1617 490 1690; x_wconf 51' lang='lat' dir='ltr'><strong>Mc</strong></span> <span class='ocrx_word' id='word_1_181' title='bbox 516 1636 583 1677; x_wconf 87' lang='lat' dir='ltr'><strong>est</strong></span> <span class='ocrx_word' id='word_1_182' title='bbox 607 1634 911 1690; x_wconf 88' lang='lat' dir='ltr'><strong>periculosius,</strong></span> <span class='ocrx_word' id='word_1_183' title='bbox 938 1636 1065 1689; x_wconf 86' lang='lat' dir='ltr'><strong>esset,</strong></span> <span class='ocrx_word' id='word_1_184' title='bbox 1095 1634 1161 1677; x_wconf 90' lang='lat' dir='ltr'><strong>fui</strong></span> <span class='ocrx_word' id='word_1_185' title='bbox 1187 1637 1374 1695; x_wconf 84' lang='lat' dir='ltr'><strong>praetor.</strong></span> <span class='ocrx_word' id='word_1_186' title='bbox 1440 1635 1518 1680; x_wconf 90' lang='lat' dir='ltr'><strong>Pe-</strong></span> 
     </span>
     <span class='ocr_line' id='line_1_25' title="bbox 115 1693 1519 1753; baseline 0.001 -15"><span class='ocrx_word' id='word_1_187' title='bbox 115 1693 290 1738; x_wconf 80' lang='lat' dir='ltr'><strong>cuniam</strong></span> <span class='ocrx_word' id='word_1_188' title='bbox 322 1693 467 1751; x_wconf 87' lang='lat' dir='ltr'><strong>etiam,</strong></span> <span class='ocrx_word' id='word_1_189' title='bbox 513 1710 601 1751; x_wconf 93' lang='lat' dir='ltr'><strong>qua</strong></span> <span class='ocrx_word' id='word_1_190' title='bbox 632 1698 739 1738; x_wconf 89' lang='lat' dir='ltr'><strong>tunc</strong></span> <span class='ocrx_word' id='word_1_191' title='bbox 785 1694 850 1737; x_wconf 93' lang='lat' dir='ltr'><strong>illi</strong></span> <span class='ocrx_word' id='word_1_192' title='bbox 895 1694 1109 1750; x_wconf 90' lang='lat' dir='ltr'><strong>ampliore</strong></span> <span class='ocrx_word' id='word_1_193' title='bbox 1154 1710 1266 1753; x_wconf 92' lang='lat' dir='ltr'><strong>opus</strong></span> <span class='ocrx_word' id='word_1_194' title='bbox 1312 1699 1422 1752; x_wconf 88' lang='lat' dir='ltr'><strong>erat,</strong></span> <span class='ocrx_word' id='word_1_195' title='bbox 1467 1700 1519 1740; x_wconf 93' lang='lat' dir='ltr'><strong>ut</strong></span> 
     </span>
     <span class='ocr_line' id='line_1_26' title="bbox 53 1754 1517 1814; baseline 0.001 -15"><span class='ocrx_word' id='word_1_196' title='bbox 53 1770 90 1799; x_wconf 73' lang='lat'><strong>2⁵</strong></span> <span class='ocrx_word' id='word_1_197' title='bbox 115 1769 187 1798; x_wconf 85' lang='lat' dir='ltr'><strong>aes</strong></span> <span class='ocrx_word' id='word_1_198' title='bbox 232 1754 424 1799; x_wconf 89' lang='lat' dir='ltr'><strong>alienum</strong></span> <span class='ocrx_word' id='word_1_199' title='bbox 477 1756 723 1799; x_wconf 88' lang='lat' dir='ltr'><strong>exsolveret</strong></span> <span class='ocrx_word' id='word_1_200' title='bbox 774 1758 1047 1799; x_wconf 86' lang='lat' dir='ltr'><strong>contractum</strong></span> <span class='ocrx_word' id='word_1_201' title='bbox 1105 1771 1158 1800; x_wconf 88' lang='lat' dir='ltr'><strong>ex</strong></span> <span class='ocrx_word' id='word_1_202' title='bbox 1209 1757 1517 1814; x_wconf 89' lang='lat' dir='ltr'><strong>pulcherrimis</strong></span> 
     </span>
     <span class='ocr_line' id='line_1_27' title="bbox 114 1816 1517 1876; baseline 0.003 -17"><span class='ocrx_word' id='word_1_203' title='bbox 114 1816 270 1871; x_wconf 90' lang='lat' dir='ltr'><strong>causis,</strong></span> <span class='ocrx_word' id='word_1_204' title='bbox 303 1816 602 1859; x_wconf 86' lang='lat' dir='ltr'><strong>mussantibus</strong></span> <span class='ocrx_word' id='word_1_205' title='bbox 636 1816 806 1874; x_wconf 88' lang='lat' dir='ltr'><strong>magnis</strong></span> <span class='ocrx_word' id='word_1_206' title='bbox 840 1817 1106 1873; x_wconf 90' lang='lat' dir='ltr'><strong>quibusdam</strong></span> <span class='ocrx_word' id='word_1_207' title='bbox 1139 1821 1183 1861; x_wconf 93' lang='lat' dir='ltr'><strong>et</strong></span> <span class='ocrx_word' id='word_1_208' title='bbox 1219 1819 1517 1876; x_wconf 89' lang='lat' dir='ltr'><strong>locupletibus</strong></span> 
     </span>
     <span class='ocr_line' id='line_1_28' title="bbox 114 1875 1565 1936; baseline 0.004 -17"><span class='ocrx_word' id='word_1_209' title='bbox 114 1875 268 1920; x_wconf 83' lang='lat' dir='ltr'><strong>amicis</strong></span> <span class='ocrx_word' id='word_1_210' title='bbox 301 1879 527 1920; x_wconf 88' lang='lat' dir='ltr'><strong>mutuatus</strong></span> <span class='ocrx_word' id='word_1_211' title='bbox 561 1877 655 1934; x_wconf 88' lang='lat' dir='ltr'><strong>ipse</strong></span> <span class='ocrx_word' id='word_1_212' title='bbox 675 1877 912 1935; x_wconf 86' lang='lat' dir='ltr'><strong>gratuitam</strong></span> <span class='ocrx_word' id='word_1_213' title='bbox 947 1878 1056 1922; x_wconf 90' lang='lat' dir='ltr'><strong>dedi.</strong></span> <span class='ocrx_word' id='word_1_214' title='bbox 1109 1878 1257 1935; x_wconf 90' lang='lat' dir='ltr'><strong>Atque</strong></span> <span class='ocrx_word' id='word_1_215' title='bbox 1283 1880 1393 1924; x_wconf 89' lang='lat' dir='ltr'><strong>haec</strong></span> <span class='ocrx_word' id='word_1_216' title='bbox 1418 1880 1565 1936; x_wconf 79' lang='lat' dir='ltr'><strong>feci,8</strong></span> 
     </span>
     <span class='ocr_line' id='line_1_29' title="bbox 116 1937 1515 1999; baseline 0.004 -19"><span class='ocrx_word' id='word_1_217' title='bbox 116 1951 216 1980; x_wconf 90' lang='lat' dir='ltr'><strong>cum</strong></span> <span class='ocrx_word' id='word_1_218' title='bbox 249 1939 417 1994; x_wconf 89' lang='lat' dir='ltr'><strong>septem</strong></span> <span class='ocrx_word' id='word_1_219' title='bbox 450 1938 602 1982; x_wconf 88' lang='lat' dir='ltr'><strong>amicis</strong></span> <span class='ocrx_word' id='word_1_220' title='bbox 636 1937 742 1982; x_wconf 90' lang='lat' dir='ltr'><strong>meis</strong></span> <span class='ocrx_word' id='word_1_221' title='bbox 781 1941 858 1982; x_wconf 90' lang='lat' dir='ltr'><strong>aut</strong></span> <span class='ocrx_word' id='word_1_222' title='bbox 890 1939 1046 1983; x_wconf 87' lang='lat' dir='ltr'><strong>occisis</strong></span> <span class='ocrx_word' id='word_1_223' title='bbox 1085 1943 1162 1984; x_wconf 90' lang='lat' dir='ltr'><strong>aut</strong></span> <span class='ocrx_word' id='word_1_224' title='bbox 1194 1941 1412 1999; x_wconf 88' lang='lat' dir='ltr'><strong>relegatis,</strong></span> <span class='ocrx_word' id='word_1_225' title='bbox 1446 1956 1515 1985; x_wconf 89' lang='lat' dir='ltr'><strong>oc-</strong></span> 
     </span>
     <span class='ocr_line' id='line_1_30' title="bbox 116 1995 1517 2069; baseline 0.004 -28"><span class='ocrx_word' id='word_1_226' title='bbox 116 1997 218 2042; x_wconf 88' lang='lat' dir='ltr'><strong>cisis</strong></span> <span class='ocrx_word' id='word_1_227' title='bbox 264 1995 519 2055; x_wconf 87' lang='lat' dir='ltr'><strong>Senecione,</strong></span> <span class='ocrx_word' id='word_1_228' title='bbox 555 1997 759 2055; x_wconf 87' lang='lat' dir='ltr'><strong>Rustico,</strong></span> <span class='ocrx_word' id='word_1_229' title='bbox 796 1999 1025 2069; x_wconf 80' lang='lat' dir='ltr'><strong>Helvidio,</strong></span> <span class='ocrx_word' id='word_1_230' title='bbox 1062 2001 1267 2059; x_wconf 89' lang='lat' dir='ltr'><strong>relegatis</strong></span> <span class='ocrx_word' id='word_1_231' title='bbox 1307 2002 1517 2059; x_wconf 85' lang='lat' dir='ltr'><strong>Maurico,</strong></span> 
     </span>
     <span class='ocr_line' id='line_1_31' title="bbox 55 2057 1516 2117; baseline 0.003 -15"><span class='ocrx_word' id='word_1_232' title='bbox 55 2075 93 2103; x_wconf 75' lang='lat' dir='ltr'><strong>so</strong></span> <span class='ocrx_word' id='word_1_233' title='bbox 118 2057 317 2115; x_wconf 84' lang='lat' dir='ltr'><strong>Gratilla,</strong></span> <span class='ocrx_word' id='word_1_234' title='bbox 347 2058 489 2116; x_wconf 86' lang='lat' dir='ltr'><strong>Arria,</strong></span> <span class='ocrx_word' id='word_1_235' title='bbox 521 2058 700 2117; x_wconf 89' lang='lat' dir='ltr'><strong>Fannia,</strong></span> <span class='ocrx_word' id='word_1_236' title='bbox 733 2063 801 2105; x_wconf 90' lang='lat' dir='ltr'><strong>tot</strong></span> <span class='ocrx_word' id='word_1_237' title='bbox 833 2062 949 2106; x_wconf 89' lang='lat' dir='ltr'><strong>circa</strong></span> <span class='ocrx_word' id='word_1_238' title='bbox 981 2077 1050 2106; x_wconf 91' lang='lat' dir='ltr'><strong>me</strong></span> <span class='ocrx_word' id='word_1_239' title='bbox 1090 2063 1215 2106; x_wconf 90' lang='lat' dir='ltr'><strong>iactis</strong></span> <span class='ocrx_word' id='word_1_240' title='bbox 1254 2063 1516 2108; x_wconf 89' lang='lat' dir='ltr'><strong>fulminibus</strong></span> 
     </span>
     <span class='ocr_line' id='line_1_32' title="bbox 116 2120 1516 2180; baseline 0.002 -15"><span class='ocrx_word' id='word_1_241' title='bbox 116 2120 243 2178; x_wconf 81' lang='lat' dir='ltr'><strong>quasi</strong></span> <span class='ocrx_word' id='word_1_242' title='bbox 275 2120 502 2164; x_wconf 89' lang='lat' dir='ltr'><strong>ambustus</strong></span> <span class='ocrx_word' id='word_1_243' title='bbox 538 2121 643 2165; x_wconf 87' lang='lat' dir='ltr'><strong>mihi</strong></span> <span class='ocrx_word' id='word_1_244' title='bbox 679 2137 856 2180; x_wconf 90' lang='lat' dir='ltr'><strong>quoque</strong></span> <span class='ocrx_word' id='word_1_245' title='bbox 888 2123 1141 2180; x_wconf 89' lang='lat' dir='ltr'><strong>impendere</strong></span> <span class='ocrx_word' id='word_1_246' title='bbox 1179 2124 1293 2167; x_wconf 92' lang='lat' dir='ltr'><strong>idem</strong></span> <span class='ocrx_word' id='word_1_247' title='bbox 1334 2124 1516 2168; x_wconf 88' lang='lat' dir='ltr'><strong>exitium</strong></span> 
     </span>
    </p>
   </div>
   <div class='ocr_carea' id='block_1_4' title="bbox 115 2188 380 2194">
    <p class='ocr_par' dir='ltr' id='par_1_5' title="bbox 115 2188 380 2194">
     <span class='ocr_line' id='line_1_33' title="bbox 115 2188 380 2194; baseline 0 0"><span class='ocrx_word' id='word_1_248' title='bbox 115 2188 380 2194; x_wconf 95' lang='lat' dir='ltr'><strong> </strong></span> 
     </span>
    </p>
   </div>
   <div class='ocr_carea' id='block_1_5' title="bbox 116 2228 1516 2520">
    <p class='ocr_par' dir='ltr' id='par_1_6' title="bbox 116 2228 1516 2520">
     <span class='ocr_line' id='line_1_34' title="bbox 216 2228 1515 2277; baseline 0.003 -13"><span class='ocrx_word' id='word_1_249' title='bbox 216 2232 235 2264; x_wconf 76' lang='lat'><strong>‘1</strong></span> <span class='ocrx_word' id='word_1_250' title='bbox 263 2228 454 2265; x_wconf 87' lang='lat' dir='ltr'><strong>iudicetis.</strong></span> <span class='ocrx_word' id='word_1_251' title='bbox 492 2229 590 2266; x_wconf 87' lang='lat' dir='ltr'><strong>Mihi</strong></span> <span class='ocrx_word' id='word_1_252' title='bbox 617 2229 699 2266; x_wconf 83' lang='lat' dir='ltr'><strong>diff.</strong></span> <span class='ocrx_word' id='word_1_253' title='bbox 719 2232 804 2268; x_wconf 90' lang='lat' dir='ltr'><strong>est.</strong></span> <span class='ocrx_word' id='word_1_254' title='bbox 872 2230 1043 2275; x_wconf 28' lang='lat' dir='ltr'><strong>wdolore</strong></span> <span class='ocrx_word' id='word_1_255' title='bbox 1064 2231 1222 2268; x_wconf 82' lang='lat' dir='ltr'><strong>difficile</strong></span> <span class='ocrx_word' id='word_1_256' title='bbox 1242 2234 1282 2268; x_wconf 89' lang='lat' dir='ltr'><strong>et</strong></span> <span class='ocrx_word' id='word_1_257' title='bbox 1301 2231 1422 2277; x_wconf 85' lang='lat' dir='ltr'><strong>vobis</strong></span> <span class='ocrx_word' id='word_1_258' title='bbox 1449 2233 1515 2269; x_wconf 88' lang='lat' dir='ltr'><strong>sed</strong></span> 
     </span>
     <span class='ocr_line' id='line_1_35' title="bbox 116 2277 1515 2328; baseline 0.003 -14"><span class='ocrx_word' id='word_1_259' title='bbox 116 2277 288 2315; x_wconf 75' lang='lat' dir='ltr'><strong>sichard.</strong></span> <span class='ocrx_word' id='word_1_260' title='bbox 315 2282 350 2314; x_wconf 79' lang='lat' dir='ltr'><strong>et</strong></span> <span class='ocrx_word' id='word_1_261' title='bbox 374 2279 490 2315; x_wconf 78' lang='lat' dir='ltr'><strong>codex</strong></span> <span class='ocrx_word' id='word_1_262' title='bbox 517 2278 644 2315; x_wconf 67' lang='lat' dir='ltr'><strong>Medis·</strong></span> <span class='ocrx_word' id='word_1_263' title='bbox 667 2285 819 2317; x_wconf 77' lang='lat' dir='ltr'><strong>novant.</strong></span> <span class='ocrx_word' id='word_1_264' title='bbox 847 2281 925 2317; x_wconf 81' lang='lat' dir='ltr'><strong>leet.</strong></span> <span class='ocrx_word' id='word_1_265' title='bbox 956 2284 1027 2316; x_wconf 80' lang='lat'><strong>107</strong></span> <span class='ocrx_word' id='word_1_266' title='bbox 1057 2281 1300 2327; x_wconf 76' lang='lat' dir='ltr'><strong>Grut.lam1‚2</strong></span> <span class='ocrx_word' id='word_1_267' title='bbox 1323 2282 1359 2317; x_wconf 86' lang='lat' dir='ltr'><em>V</em></span> <span class='ocrx_word' id='word_1_268' title='bbox 1367 2293 1407 2328; x_wconf 78' lang='lat' dir='ltr'><strong>p</strong></span> <span class='ocrx_word' id='word_1_269' title='bbox 1428 2284 1515 2319; x_wconf 77' lang='lat'><em>277.</em></span> 
     </span>
     <span class='ocr_line' id='line_1_36' title="bbox 117 2325 1516 2376; baseline 0.004 -14"><span class='ocrx_word' id='word_1_270' title='bbox 117 2328 139 2362; x_wconf 77' lang='lat'><strong>⁹</strong></span> <span class='ocrx_word' id='word_1_271' title='bbox 159 2325 265 2373; x_wconf 84' lang='lat' dir='ltr'><strong>scalp</strong></span> <span class='ocrx_word' id='word_1_272' title='bbox 267 2327 388 2363; x_wconf 87' lang='lat' dir='ltr'><strong>torem</strong></span> <span class='ocrx_word' id='word_1_273' title='bbox 405 2327 488 2366; x_wconf 83' lang='lat' dir='ltr'><strong>Fa.</strong></span> <span class='ocrx_word' id='word_1_274' title='bbox 510 2326 741 2373; x_wconf 81' lang='lat' dir='ltr'><strong>sculptorem</strong></span> <span class='ocrx_word' id='word_1_275' title='bbox 756 2329 797 2366; x_wconf 91' lang='lat' dir='ltr'><em>D</em></span> <span class='ocrx_word' id='word_1_276' title='bbox 804 2341 873 2376; x_wconf 84' lang='lat' dir='ltr'><strong>pr</strong></span> <span class='ocrx_word' id='word_1_277' title='bbox 894 2329 1119 2375; x_wconf 87' lang='lat' dir='ltr'><strong>scriptorem</strong></span> <span class='ocrx_word' id='word_1_278' title='bbox 1139 2331 1188 2366; x_wconf 87' lang='lat' dir='ltr'><strong><em>M</em></strong></span> <span class='ocrx_word' id='word_1_279' title='bbox 1196 2329 1234 2365; x_wconf 80' lang='lat' dir='ltr'><strong>V.</strong></span> <span class='ocrx_word' id='word_1_280' title='bbox 1326 2334 1370 2366; x_wconf 81' lang='lat'><strong>15</strong></span> <span class='ocrx_word' id='word_1_281' title='bbox 1390 2329 1516 2367; x_wconf 86' lang='lat' dir='ltr'><strong>valete</strong></span> 
     </span>
     <span class='ocr_line' id='line_1_37' title="bbox 119 2374 1515 2425; baseline 0.003 -13"><span class='ocrx_word' id='word_1_282' title='bbox 119 2374 274 2423; x_wconf 70' lang='lat' dir='ltr'><strong>Gien&#39;q„</strong></span> <span class='ocrx_word' id='word_1_283' title='bbox 300 2375 384 2412; x_wconf 81' lang='lat' dir='ltr'><strong>vale</strong></span> <span class='ocrx_word' id='word_1_284' title='bbox 410 2377 527 2420; x_wconf 72' lang='lat' dir='ltr'><strong>codd„</strong></span> <span class='ocrx_word' id='word_1_285' title='bbox 554 2388 623 2413; x_wconf 84' lang='lat' dir='ltr'><strong>om.</strong></span> <span class='ocrx_word' id='word_1_286' title='bbox 650 2388 716 2416; x_wconf 69' lang='lat' dir='ltr'><strong>rs.</strong></span> <span class='ocrx_word' id='word_1_287' title='bbox 852 2382 898 2414; x_wconf 78' lang='lat'><strong>23</strong></span> <span class='ocrx_word' id='word_1_288' title='bbox 925 2378 1137 2414; x_wconf 85' lang='lat' dir='ltr'><strong>notabilius</strong></span> <span class='ocrx_word' id='word_1_289' title='bbox 1163 2378 1235 2414; x_wconf 87' lang='grc'>1100</span> <span class='ocrx_word' id='word_1_290' title='bbox 1262 2378 1515 2425; x_wconf 88' lang='lat' dir='ltr'><strong>periculosius</strong></span> 
     </span>
     <span class='ocr_line' id='line_1_38' title="bbox 117 2423 1516 2473; baseline 0.003 -13"><span class='ocrx_word' id='word_1_291' title='bbox 117 2423 159 2460; x_wconf 90' lang='lat' dir='ltr'><em>D</em></span> <span class='ocrx_word' id='word_1_292' title='bbox 164 2434 205 2471; x_wconf 74' lang='lat' dir='ltr'><strong>p,</strong></span> <span class='ocrx_word' id='word_1_293' title='bbox 236 2424 368 2462; x_wconf 83' lang='lat' dir='ltr'><strong>uotab.</strong></span> <span class='ocrx_word' id='word_1_294' title='bbox 394 2424 466 2462; x_wconf 85' lang='lat' dir='ltr'><strong>hoc</strong></span> <span class='ocrx_word' id='word_1_295' title='bbox 491 2425 820 2473; x_wconf 85' lang='lat' dir='ltr'><strong>periculosiusque</strong></span> <span class='ocrx_word' id='word_1_296' title='bbox 847 2427 1016 2464; x_wconf 75' lang='lat' dir='ltr'><strong>Sichard.</strong></span> <span class='ocrx_word' id='word_1_297' title='bbox 1045 2432 1078 2464; x_wconf 73' lang='lat' dir='ltr'><strong>et</strong></span> <span class='ocrx_word' id='word_1_298' title='bbox 1103 2427 1181 2464; x_wconf 80' lang='lat' dir='ltr'><strong>cod.</strong></span> <span class='ocrx_word' id='word_1_299' title='bbox 1210 2428 1353 2472; x_wconf 66' lang='lat' dir='ltr'><strong>Modai,</strong></span> <span class='ocrx_word' id='word_1_300' title='bbox 1384 2428 1516 2466; x_wconf 78' lang='lat' dir='ltr'><strong>notab.</strong></span> 
     </span>
     <span class='ocr_line' id='line_1_39' title="bbox 118 2470 718 2520; baseline 0.007 -12"><span class='ocrx_word' id='word_1_301' title='bbox 118 2470 191 2509; x_wconf 88' lang='lat' dir='ltr'><strong>hoe</strong></span> <span class='ocrx_word' id='word_1_302' title='bbox 215 2473 256 2510; x_wconf 85' lang='lat' dir='ltr'><strong>et</strong></span> <span class='ocrx_word' id='word_1_303' title='bbox 280 2473 532 2520; x_wconf 86' lang='lat' dir='ltr'><strong>periculosius</strong></span> <span class='ocrx_word' id='word_1_304' title='bbox 559 2474 718 2512; x_wconf 68' lang='lat' dir='ltr'><strong>Cor-taus.</strong></span> 
     </span>
    </p>
   </div>
  </div>
 </body>
</html>
