1716 2742
179 153 269 197 248
768 163 770 165 -
794 146 831 184 0.
860 145 998 182 PLINI

178 265 307 308 illum
342 265 532 307 alterum
567 262 763 320 effingit:
795 263 946 318 putes,
981 261 1018 304 si
1053 259 1161 317 quid
1188 259 1235 303 in
1262 259 1422 304 studiis
1449 273 1612 319 cogna-

179 329 243 371 tio
272 327 409 381 valet,
437 328 482 369 et
507 324 641 368 huius
667 324 987 381 propinquum.
1022 322 1190 381 Magna
1210 322 1421 379 varietas,
1446 337 1612 381 magna

179 389 425 434 mobilitas:
466 390 588 431 amat
625 390 677 430 ut
710 386 788 444 qui
827 386 1079 443 verissime,
1121 385 1244 429 dolet
1275 387 1328 429 ut
1361 385 1439 443 qui
1471 384 1612 443 impa-

180 451 464 504 tientissime,
505 450 661 494 laudat
699 452 751 493 ut
791 449 869 506 qui
906 446 1247 507 benignissime,
1286 447 1404 492 ludit
1443 450 1496 492 ut
1535 447 1613 504 qui

180 513 468 570 tacetissime,
513 511 665 556 omnia
698 511 891 569 denique
925 514 1158 568 tamquam
1193 509 1373 570 singula
1404 510 1612 555 absolvit.

180 577 267 620 Pro
301 576 389 620 hoc
423 590 506 634 ego
541 575 707 632 amico,
738 589 823 632 pro
856 574 945 618 1100
971 573 1155 632 ingenio
1183 588 1277 617 non
1302 572 1453 617 minus
1479 587 1614 632 aeger

179 639 329 683 animo
371 653 506 696 quam
550 652 738 695 corpore
777 637 874 694 ille,
913 636 1095 680 tandem
1135 636 1283 690 illum,
1315 635 1499 680 tandem
1541 651 1613 679 me

178 701 337 759 recepi.
404 699 640 745 Gratulare
672 699 805 755 mihi,
846 700 1072 758 gratulare
1112 698 1248 743 etiam
1286 697 1450 742 litteris
1490 697 1615 755 ipsis,

180 780 294 822 quae
321 779 376 807 ex
401 763 603 821 periculo
631 762 727 807 eius
754 765 931 806 tantum
956 761 1196 806 discrimen
1221 760 1448 817 adierunt,
1476 775 1614 818 quan-

177 831 275 871 tum
312 843 365 871 ex
399 827 542 870 salute
576 825 748 885 gloriae
782 827 1127 883 consequentur.
1193 823 1319 868 Vale.

821 942 975 982 xxm.
1019 934 1187 1005 Jews
1207 928 1294 976 746-
1313 922 1524 997 «μὲ-μᾷ

550 1032 593 1066 C.
615 1031 822 1066 PLINIUS
849 1031 1056 1065 MAXIMO
1086 1030 1182 1064 SUO
1212 1029 1251 1064 S.

274 1102 552 1160 Frequenter
579 1101 731 1160 agenti
759 1101 872 1145 mihi
900 1100 1070 1157 evenit,
1102 1102 1155 1144 ut
1188 1098 1477 1155 centumviri,
1511 1113 1615 1143 cum

182 1165 258 1209 diu
302 1181 348 1210 se
391 1165 510 1209 intra
552 1164 753 1209 iudicum
796 1163 1111 1208 auctoritatem
1154 1161 1513 1222 gravitatemque
1552 1164 1616 1205 te-

181 1229 405 1286 nuissent,
444 1242 600 1272 omnes
633 1229 818 1285 repente
853 1227 981 1284 quasi
1020 1224 1131 1270 victi
1165 1224 1400 1283 coactique
1434 1239 1616 1269 consur-

132 1302 153 1333 ‘2
181 1294 340 1351 gerent
371 1291 715 1348 laudarentque3
747 1290 1006 1347 frequenter
1039 1304 1062 1332 e
1097 1290 1256 1333 senatu
1288 1287 1477 1344 famam,
1509 1301 1616 1345 qua-

181 1356 270 1398 10111
303 1353 498 1398 maxime
532 1356 813 1411 optaveram,
845 1352 1021 1396 rettuli:
1057 1366 1304 1408 numquam
1339 1353 1493 1394 tamen
1524 1365 1615 1394 ma-

182 1418 321 1461 iorem
362 1415 460 1474 cepi
493 1416 776 1474 voluptatem
818 1430 952 1473 quam
992 1429 1139 1472 nuper
1177 1429 1233 1458 ex
1270 1427 1477 1458 sermone
1511 1411 1615 1457 Cor-

182 1480 273 1524 neli
294 1479 452 1524 Taciti.
490 1479 719 1524 Narrabat
739 1478 905 1522 sedisse
927 1492 1079 1521 secum
1101 1476 1375 1521 circensibus
1396 1475 1616 1533 proximis

183 1543 381 1600 equitem
432 1541 700 1586 Romanum.
777 1539 914 1585 Hunc
969 1542 1074 1598 post
1125 1539 1273 1583 varios
1326 1538 1615 1596 eruditosque

184 1620 411 1650 sermones
449 1604 710 1662 requisisse:
752 1603 955 1648 ‘Italicus
989 1618 1035 1647 es
1069 1618 1126 1646 an
1164 1600 1509 1659 provincialis?'
1559 1599 1617 1644 Se

183 1668 484 1725 respondisse:
527 1665 682 1711 ‘Nosti
715 1681 786 1710 me
814 1668 858 1710 et
891 1666 1072 1723 quidem
1107 1680 1161 1708 ex
1189 1663 1378 1708 studiis?
1430 1662 1503 1707 Ad
1528 1663 1618 1707 1100

183 1731 331 1774 illum:
366 1730 568 1774 ‘Tacitus
590 1745 636 1773 es
658 1744 715 1772 an
735 1727 962 1773 Plinius‘?'
1016 1726 1283 1785 Exprimere
1303 1741 1398 1770 non
1417 1740 1617 1784 possum,

185 1808 319 1850 quam
360 1792 420 1836 sit
458 1792 704 1836 iucundum
744 1791 876 1850 mihi,
916 1790 1038 1848 quod
1069 1789 1256 1834 nomina
1293 1791 1450 1833 nostra
1488 1788 1617 1846 quasi

182 1856 435 1899 litterarum
450 1855 644 1912 propria,
657 1870 751 1898 non
760 1854 1012 1912 hominum,
1031 1852 1197 1898 litteris
1212 1851 1474 1907 redduntur,
1495 1850 1617 1909 quod

183 1922 371 1975 uterque
413 1920 618 1961 nostrum
660 1917 732 1961 his
773 1916 909 1961 etiam
953 1932 1008 1960 ex
1051 1915 1211 1959 studiis
1254 1917 1409 1970 notus,
1453 1914 1615 1971 quibus

184 1981 315 2024 aliter
346 1980 530 2039 ignotus
564 1983 642 2023 est.

279 2041 459 2087 Accidit
497 2042 620 2086 aliud
660 2044 763 2086 ante
808 2043 1026 2099 pauculos
1067 2041 1162 2086 dies
1203 2040 1361 2084 simile.
1426 2038 1616 2083 Recum—

186 2106 320 2149 bebat
352 2119 528 2149 mecum
555 2104 624 2147 vir
651 2104 879 2163 egregius,
912 2104 1078 2148 Fadius
1107 2103 1318 2160 Rufinus,
1352 2117 1487 2160 super
1513 2116 1616 2146 eum

185 2167 416 2247 municeps
437 2167 597 2246 ipsius,
632 2167 709 2223 qui
738 2167 817 2211 illo
845 2167 917 2211 die
937 2167 1133 2224 primum
1159 2167 1343 2210 venerat
1369 2164 1418 2208 in
1436 2164 1615 2221 urbem3

286 2281 306 2314 6
335 2276 439 2314 hoc
428 2276 588 2324 ingenio
610 2277 717 2324 Dpr
728 2289 771 2322 a,
799 2277 947 2325 Stanyl,
974 2277 1127 2322 Muell„
1153 2276 1227 2313 hoo
1255 2287 1328 2323 ego
1348 2275 1428 2322 ing.
1452 2274 1617 2320 eortius,

185 2328 251 2373 K„
271 2339 342 2375 pro
356 2327 431 2363 hoc
452 2338 578 2373 aequo
593 2327 733 2371 amico
746 2338 818 2373 pro
837 2327 912 2364 hoc
933 2338 1058 2374 aequo
1079 2325 1238 2374 ingenio
1261 2326 1321 2362 M.
1413 2328 1457 2361 17
1480 2325 1617 2372 capta-

184 2389 314 2414 veram
343 2378 402 2415 M.
533 2380 578 2412 19
607 2388 738 2413 50011111
766 2376 855 2413 circ.
883 2389 991 2434 prox.
1020 2377 1142 2424 equit
1164 2377 1277 2413 Rom.
1298 2376 1461 2422 Dpra,
1488 2375 1541 2412 K.
1556 2375 1617 2421 II,

185 2428 337 2473 Muell„
355 2428 491 2472 Merr,
512 2439 551 2463 se
573 2438 662 2463 cum
683 2426 853 2473 quodam
875 2427 964 2464 circ.
985 2439 1093 2474 prox.
1117 2427 1178 2472 M,
1194 2426 1246 2463 K.
1261 2427 1296 2462 I.
1375 2428 1421 2461 27
1444 2423 1560 2462 aliter
1578 2437 1615 2471 a,

186 2477 286 2514 alter
314 2478 366 2515 M
373 2477 415 2514 D
420 2488 451 2524 p
461 2489 492 2513 r.
596 2480 643 2512 29
671 2476 802 2512 fadius
823 2478 884 2523 M,
905 2477 1037 2514 fabius
1057 2478 1099 2514 D
1103 2489 1135 2524 10
1145 2489 1179 2522 r,
1205 2475 1320 2512 fidius
1341 2487 1366 2511 a
1392 2474 1447 2522 (C.
1468 2474 1615 2512 Babius

184 2528 348 2564 Rufinus
376 2526 549 2563 Lucillus
577 2526 597 2563 ,9
624 2527 745 2564 Merr.
775 2528 857 2564 coll.
880 2528 987 2564 Ball.
1010 2528 1079 2564 Ist.
1101 2527 1216 2564 Arch.
1241 2528 1351 2571 1870,
1374 2536 1414 2572 p.
1437 2527 1512 2573 45).

1643 835 1678 862 1⁰

1643 1240 1678 1268 15

1641 1555 1679 1582 2⁰

1643 1866 1680 1894 25

1641 2178 1679 2206 30
