1716 2742
29 820 66 848 10

29 1133 65 1162 15

29 1448 67 1478 20

28 1763 66 1792 25

29 2080 67 2108 30

474 121 832 160 PANEGYRICUS
859 126 918 168 50,
934 134 948 160 1
965 145 1010 151 —
1027 126 1086 169 52,
1101 133 1128 160 2.
1423 123 1514 169 363

183 237 308 284 Idem
341 241 435 283 tam
468 254 630 297 parcus
669 239 718 283 in
757 238 1033 283 aedificando
1068 253 1202 299 quam
1243 236 1434 296 diligens
1467 235 1515 280 in
1528 233 1587 282 51

90 301 270 347 tuendo.
333 299 493 360 Itaque
524 317 617 347 non
655 305 707 346 ut
740 305 843 346 ante
881 300 1144 346 immanium
1184 300 1515 345 transvectione

91 379 299 410 saxorum
339 365 464 409 urbis
503 367 623 410 tecta
655 365 938 423 quatiuntu13
977 367 1099 409 stant
1137 378 1316 409 securae
1355 363 1515 407 domus

89 442 174 472 nec
195 427 284 472 iam
308 428 478 486 templa
499 428 716 474 nutantia.
762 426 880 472 Satis
905 430 972 472 est
992 427 1075 472 tibi
1094 427 1387 484 nimiumque,
1413 441 1515 471 cum

91 490 358 536 successeris
397 491 706 550 frugalissimo
746 490 959 549 principi:
999 505 1214 549 magnum
1252 493 1313 535 est
1349 489 1515 534 reicere
1542 500 1564 533 2

90 553 262 611 aliquid
301 556 346 598 et
384 556 617 612 amputare
659 569 715 597 ex
752 554 842 611 his,
883 569 996 612 quae
1036 553 1244 611 princeps
1284 555 1516 610 tamquam

89 616 341 661 necessaria
378 616 575 674 reliquit.
639 615 874 661 Praeterea
916 619 1043 674 pater
1081 618 1186 661 tuus
1226 615 1381 660 usibus
1425 615 1516 660 suis

91 678 371 737 detrahebat,
399 695 512 737 quae
538 679 721 724 fortuna
747 679 925 737 imperii
952 679 1152 737 dederat,
1184 681 1235 723 tu
1261 679 1369 736 tuis,
1404 693 1518 736 quae

90 744 229 800 pater.
275 741 338 786 At
364 756 499 800 quam
526 742 794 801 magnificus
828 743 875 786 in
901 742 1134 799 publicum
1161 742 1225 786 es!
1270 740 1391 786 Hinc
1417 756 1518 799 por·
1545 751 1568 784 3

90 804 226 863 ticus,
265 805 368 849 inde
408 805 595 850 delubra
628 805 806 850 occulta
839 805 1066 849 celeritate
1107 807 1426 863 properantur,
1467 806 1520 848 ut

90 883 185 913 non
226 870 558 926 consummata,
611 868 687 912 sed
730 870 908 912 tantum
952 870 1230 912 commutata
1271 867 1518 912 videantur.

90 929 212 975 Hinc
243 930 513 975 immensum
545 931 664 976 latus
698 930 804 975 circi
831 931 1104 989 templorum
1137 930 1519 988 pulchritudinem

91 996 326 1052 provocat,
355 993 492 1054 digna
511 994 683 1052 populo
705 994 875 1038 victore
897 994 1099 1053 gentium
1122 994 1248 1038 sedes
1268 1008 1351 1038 nec
1371 993 1519 1037 minus

91 1057 191 1115 ipsa
221 1056 424 1114 visenda,
459 1072 593 1114 quam
621 1072 734 1114 quae
768 1072 822 1101 ex
855 1057 934 1100 illa
961 1056 1302 1114 spectabuntur,
1336 1055 1521 1100 visenda
1546 1066 1570 1099 4

92 1121 243 1164 autem
269 1135 373 1165 cum
398 1122 544 1164 cetera
578 1119 745 1178 specie,
776 1122 875 1164 tum
901 1119 1021 1178 quod
1052 1122 1268 1177 aequatus
1295 1118 1438 1176 plebis
1469 1133 1521 1164 ac

90 1181 310 1241 principis
338 1182 486 1240 locus,
513 1182 735 1241 siquidem
765 1198 847 1240 per
873 1197 1004 1227 omne
1033 1183 1228 1241 spatium
1255 1197 1345 1226 una
1371 1181 1522 1238 facies,

91 1245 244 1290 omnia
273 1245 488 1290 continua
520 1248 566 1290 et
591 1246 737 1303 paria,
773 1261 856 1290 nec
889 1245 1032 1305 magis
1060 1245 1270 1303 proprius
1298 1244 1520 1303 spectanti

92 1306 271 1353 Caesari
298 1311 538 1368 suggestus
567 1323 702 1366 quam
730 1309 931 1367 propria,
966 1324 1079 1366 quae
1107 1310 1290 1366 spectet.
1345 1306 1522 1352 Licebit
1549 1317 1572 1351 5

92 1386 200 1431 ergo
233 1374 279 1416 te
312 1371 486 1416 civibus
519 1372 610 1416 tuis
643 1371 838 1416 invicem
866 1371 1089 1428 contueri3
1122 1371 1302 1415 dabitur
1327 1386 1420 1415 non
1447 1385 1522 1415 cu-

90 1433 292 1479 biculum
319 1434 557 1493 principis,
590 1435 667 1479 sed
700 1434 848 1492 ipsum
875 1434 1124 1492 principem
1159 1449 1337 1479 cernere
1369 1433 1418 1477 in
1442 1449 1523 1491 pu-

90 1497 231 1556 blico,
257 1497 306 1541 in
324 1498 496 1556 populo
519 1497 766 1556 sedentem,
788 1498 979 1568 populo,
1006 1498 1079 1542 cui
1098 1498 1303 1542 locorum
1326 1496 1523 1554 quinque

91 1559 218 1605 milia
249 1559 464 1605 adiecisti.
517 1559 720 1606 Auxeras
754 1561 873 1605 enim
905 1576 1142 1605 numerum
1176 1560 1271 1604 eius
1305 1558 1524 1618 congiarii

91 1623 309 1669 facilitate
341 1623 648 1694 maioremque
688 1624 735 1668 in
767 1625 999 1682 posterum
1034 1623 1202 1681 suscipi
1240 1621 1523 1667 liberalitatis

91 1689 197 1731 tuae
230 1686 319 1731 fide
352 1686 557 1731 iusseras.

186 1748 362 1795 Horum
396 1765 536 1794 unum
572 1750 610 1794 si
643 1749 941 1807 praestitisset
974 1749 1108 1807 alius,
1141 1749 1231 1793 iam
1259 1747 1428 1792 dudum
1456 1744 1600 1794 illi52

91 1811 315 1859 radiatum
349 1815 486 1871 caput
518 1815 563 1857 et
595 1812 741 1857 media
772 1812 891 1856 inter
931 1812 1037 1856 deos
1071 1812 1197 1857 sedes
1232 1826 1340 1856 auro
1375 1813 1525 1869 staret,

92 1877 171 1920 aut
197 1875 330 1920 ebore
357 1875 786 1935 augustioribusque
813 1875 900 1920 aris
922 1878 967 1920 et
993 1874 1307 1934 grandioribus
1328 1873 1525 1918 victimis

91 1938 389 1984 invocaretur.
454 1938 524 1982 Tu
564 1938 751 1982 delubra
791 1954 885 1982 non
926 1938 1015 1983 nisi
1058 1938 1323 1982 adoraturus
1370 1937 1526 1994 intras,
1551 1949 1573 1982 2

91 2001 177 2046 tibi
209 2002 433 2046 maximus
466 2002 613 2046 honor
645 2001 863 2046 excubare
895 2016 978 2059 pro
1011 2001 1194 2059 templis
1227 2000 1525 2059 postibusque

92 2064 303 2123 praetexi.
372 2063 447 2110 Sic
489 2065 561 2123 fit,
603 2067 655 2108 ut
685 2064 764 2109 tibi
807 2063 853 2108 di
895 2078 1121 2108 summum
1164 2063 1280 2108 inter
1320 2062 1527 2108 homines

194 2215 243 2251 5*
262 2226 452 2262 magnum
487 2213 607 2270 (est)
642 2225 719 2261 eqo,
754 2214 802 2260 cf.
831 2225 860 2251 e.
888 2225 918 2250 c.
948 2225 1030 2261 cap.
1058 2215 1120 2259 56,
1148 2215 1172 2250 4
1202 2217 1238 2250 et
1269 2216 1305 2258 7,
1338 2224 1528 2260 magnum

95 2265 246 2316 (vero)
268 2266 410 2303 Baehr.
433 2286 480 2291 —
502 2263 648 2300 reicere
668 2264 783 2312 vuly„
810 2263 985 2301 recidere
1009 2263 1189 2309 Gronov„
1210 2242 1367 2309 Bae’hr„
1388 2263 1529 2300 Muell.

95 2319 141 2353 1¹¹1
170 2315 376 2373 spectandi
399 2314 577 2351 Caesaris
604 2314 725 2360 codd.
754 2313 952 2361 spectanti
974 2313 1131 2351 Caesari
1152 2314 1309 2351 Gesner.
1414 2316 1460 2349 19
1487 2314 1528 2350 te

95 2366 166 2403 ciV.
187 2366 268 2403 tuis
295 2365 371 2402 inv.
395 2364 555 2403 BOM‘
570 2365 631 2411 W,
663 2365 704 2402 te
732 2376 801 2402 om.
826 2365 869 2410 V,
902 2363 978 2401 tibi
1005 2365 1045 2402 et
1073 2364 1144 2402 civ.
1165 2364 1246 2401 tuis
1272 2364 1349 2401 inv.
1371 2363 1528 2409 Baehr„

95 2417 167 2454 civ,
200 2416 281 2454 tuis
321 2416 361 2453 et
399 2415 476 2452 inv.
511 2393 631 2452 Kroll’
665 2415 754 2452 diss.
795 2415 900 2452 Vrat.
936 2418 1033 2453 1891
1074 2415 1165 2453 thes.
1192 2418 1231 2461 9,
1268 2414 1368 2452 nihil
1406 2417 1530 2451 mutat

49 2459 53 2464 ’
94 2466 280 2513 Schnelle,
313 2465 385 2503 civ.
412 2464 492 2502 tuis
525 2466 566 2502 te
599 2465 675 2502 inv.
705 2465 772 2511 K„
807 2466 944 2503 Muell.
1081 2468 1128 2502 30
1161 2464 1203 2502 di
1230 2463 1366 2515 (tibi)
1395 2464 1447 2502 K.
1469 2464 1529 2510 II,

98 2517 239 2554 Baehr.
