1630 2678
162 156 247 200 102
752 146 789 183 C.
817 144 949 182 PLINI

160 266 279 309 tione
313 262 475 321 ingenii
508 261 573 304 tui
605 259 827 314 convenit,
860 254 1185 312 circumspicias
1226 254 1544 311 praeceptores,

161 340 271 383 quos
313 324 546 368 sollicitare
588 320 817 378 possimus,
863 318 943 361 sub
995 332 1045 360 ea
1085 318 1235 359 tamen
1274 313 1545 370 condicione,

160 402 214 430 ne
247 386 315 429 eui
348 385 477 427 fidem
514 397 654 425 meam
699 379 982 437 obstringam.
1047 375 1207 421 Omnia
1249 375 1366 420 enim
1405 375 1547 420 libera

162 446 412 504 parentibus
455 458 597 487 servo:
639 442 706 486 illi
746 440 954 495 iudicent,
997 438 1063 482 illi
1095 438 1281 496 eligant3
1312 451 1395 496 ego
1436 435 1545 491 mihi

92 521 134 554 11
162 522 307 552 curam
339 508 508 549 tantum
536 507 580 548 et
611 502 879 560 impendium
912 500 1097 544 vindico.
1150 497 1352 555 Proinde,
1384 497 1423 542 si
1448 497 1546 555 quis
1574 515 1591 543 ε

163 569 293 611 fuerit
324 571 536 623 repertus,
571 565 644 621 qui
678 564 854 622 ingenio
875 577 954 606 suo
981 561 1102 616 fidat,
1127 563 1199 604 eat
1229 559 1338 604 illuc
1362 573 1414 604 ea
1436 559 1547 618 lege,

163 632 210 671 ut
242 629 372 672 istinc
403 627 513 670 nihil
539 626 657 669 aliud
684 627 850 668 certum
879 638 1009 680 quam
1035 621 1243 666 fiduciam
1269 635 1394 666 suam
1423 619 1548 665 ferat.

163 690 282 733 Vale.

234 771 369 834 [Ca-72
401 774 559 813 [amhn
571 754 740 828 57llath
798 749 907 789 XIV·

503 838 544 872 C.
566 838 764 871 PLINIUS
791 836 1020 870 PATERNO
1049 835 1143 869 SUO
1171 835 1209 869 S.
1578 845 1616 873 ιο

119 932 137 963 1
243 920 310 963 Tu
342 920 526 962 fortasse
559 919 820 973 orationem,
852 920 903 960 ut
935 917 1072 971 soles,
1104 917 1148 959 et
1190 914 1366 974 flagitas
1406 916 1452 958 et
1481 928 1554 957 ex-

167 983 327 1037 pectas,
359 983 404 1023 at
436 995 517 1038 ego
557 979 682 1035 quasi
721 994 775 1022 ex
816 978 964 1034 aliqua
1004 976 1236 1035 peregrina
1278 975 1554 1032 delicataque

118 1054 139 1085 2
166 1056 307 1085 merce
325 1042 447 1085 lusus
468 1056 587 1085 meos
607 1040 689 1083 tibi
709 1040 860 1096 prodo.
892 1038 1095 1095 Accipies
1115 1052 1217 1082 cum
1248 1037 1333 1082 hac
1363 1036 1555 1095 epistula

166 1102 552 1159 hendecasyllabos
593 1104 788 1157 nostros,
837 1100 995 1156 quibus
1037 1113 1120 1143 nos
1161 1099 1208 1143 in
1248 1097 1468 1156 vehiculo,
1506 1097 1555 1143 in

119 1175 139 1206 3
166 1164 353 1219 balineo,
384 1164 498 1206 inter
530 1178 679 1206 cenam
713 1162 983 1205 oblectamus
1017 1161 1157 1204 otium
1181 1159 1407 1217 temporis.
1469 1157 1554 1203 His
1581 1174 1616 1203 ιε

167 1225 382 1279 iocamur,
412 1224 622 1279 ludimus,
655 1238 870 1278 amamus,
901 1222 1116 1278 dolemus,
1137 1221 1377 1278 querimur,
1407 1219 1555 1264 irasci-

168 1300 285 1340 mur,
315 1285 598 1328 describimus
631 1284 795 1340 aliquid
828 1284 958 1327 modo
991 1282 1204 1340 pressius,
1234 1281 1367 1326 modo
1398 1281 1556 1326 elatius

169 1349 298 1401 atque
331 1346 426 1402 ipsa
459 1346 664 1389 varietate
702 1348 967 1401 temptamus
1000 1344 1188 1400 efficere,
1227 1346 1280 1387 ut
1319 1342 1407 1387 alia
1446 1342 1557 1398 aliis,

122 1417 144 1448 4
171 1407 381 1462 quaedam
411 1407 596 1450 fortasse
621 1406 823 1449 omnibus
849 1406 1062 1462 placeant.
1123 1405 1194 1448 Ex
1218 1405 1378 1462 quibus
1408 1406 1560 1448 tamen

173 1468 209 1510 si
240 1482 329 1509 non
360 1468 480 1510 nulla
520 1467 601 1510 tibi
645 1467 940 1523 petulantiora
980 1467 1114 1523 paulo
1155 1465 1435 1522 videbuntur,
1474 1464 1559 1509 erit
1582 1479 1620 1508 so

174 1527 427 1570 eruditionis
459 1532 560 1571 tuae
593 1529 786 1586 cogitare
819 1542 1014 1571 summos
1059 1528 1161 1571 illos
1193 1529 1238 1571 et
1273 1525 1558 1586 gravissimos

174 1588 310 1643 viros,
349 1590 423 1643 qui
461 1590 566 1632 talia
604 1590 881 1646 scripserunt,
913 1604 1004 1632 non
1035 1589 1167 1632 modo
1198 1587 1382 1632 lascivia
1399 1601 1562 1643 rerum,

176 1648 250 1691 sed
281 1663 334 1691 ne
366 1649 506 1691 verbis
540 1650 712 1705 quidem
746 1650 873 1693 nudis
906 1650 1186 1706 abstinuisse3
1227 1663 1340 1706 quae
1375 1663 1459 1693 nos
1495 1663 1561 1692 re-

176 1709 390 1766 fugimus,
422 1724 510 1752 non
543 1711 643 1766 quia
676 1711 911 1754 severiores
945 1710 1079 1769 (unde
1118 1708 1299 1768 enimP),
1339 1709 1415 1753 sed
1456 1708 1562 1766 quia

130 1779 151 1811 5
177 1769 416 1812 timidiores
443 1786 601 1813 sumus.
666 1771 835 1814 Scimus
863 1773 1028 1828 alioqui
1052 1772 1183 1815 huius
1210 1770 1413 1829 opusculi
1437 1770 1560 1814 illam
1586 1785 1621 1814 π

177 1844 269 1873 esse
301 1830 566 1874 verissimam
597 1833 758 1889 legem,
790 1848 919 1888 quam
954 1832 1151 1878 Catullus
1183 1832 1415 1890 expressit:

239 1914 365 1958 Nam
399 1919 597 1958 castum
631 1931 740 1960 esse
774 1918 920 1960 decet
952 1919 1095 1974 pium
1128 1921 1342 1975 poetam

240 1975 425 2031 ipsum,
458 1976 760 2020 versiculos
793 1978 934 2021 nihil
965 1980 1314 2036 necesse'est,

242 2035 334 2091 qui
366 2039 498 2080 tunc
531 2037 765 2094 denique
797 2038 993 2082 habent
1025 2041 1186 2084 salem
1220 2043 1270 2084 et
1309 2041 1561 2097 leporem,

242 2097 284 2138 si
317 2100 436 2139 sunt
468 2099 727 2141 molliculi
760 2102 809 2141 et
840 2115 1021 2155 parum
1053 2101 1243 2157 pudici.
1588 2115 1624 2143 8⁰

280 2215 325 2251 7*
345 2216 433 2251 hinc
452 2217 570 2261 codd„
589 2217 669 2253 edd.
683 2229 818 2262 omnes,
833 2219 1006 2267 <is>tinc
1020 2232 1094 2268 eqo,
1109 2222 1155 2266 cf.
1171 2223 1221 2258 II
1233 2224 1292 2266 12,
1306 2224 1351 2264 7,-
1369 2221 1397 2258 Ι
1401 2220 1506 2265 1⁷28,
1521 2222 1565 2264 1;

190 2264 246 2300 VI
268 2267 329 2308 30,
356 2268 397 2308 1,·
425 2266 504 2301 VII
526 2269 561 2309 7,
586 2268 630 2309 2;
663 2267 762 2302 VIII
789 2270 847 2311 15,
875 2272 915 2311 1;
949 2272 1006 2313 17,
1034 2273 1076 2314 1;
1107 2274 1151 2314 6,·
1182 2270 1250 2306 IX
1274 2272 1335 2315 33,
1362 2273 1405 2314 1;
1434 2270 1496 2313 39,
1520 2269 1566 2312 5,·

181 2312 233 2348 ad
264 2313 362 2348 Trai.
390 2315 438 2349 62
468 2315 517 2349 al.
578 2318 623 2350 10
660 2315 814 2351 Decimo
846 2317 1008 2353 Paterno
1042 2318 1062 2353 ,9
1097 2318 1248 2366 Stangl,
1285 2319 1332 2364 cf.
1365 2329 1420 2365 ep.
1450 2318 1480 2354 Ι
1503 2317 1564 2353 12.

184 2364 228 2396 17
261 2360 399 2397 elatius
427 2363 569 2407 MVs,
602 2363 666 2407 K,
699 2363 814 2399 latius
847 2365 900 2409 D,
932 2366 1047 2402 altius
1080 2368 1171 2411 Ra,
1204 2367 1306 2412 otto,
1336 2367 1385 2412 cf.
1411 2366 1496 2411 18,
1522 2367 1568 2409 5;

191 2409 272 2446 V11
289 2412 346 2455 12,
366 2413 388 2445 4
396 2424 411 2454 ;
430 2414 494 2455 22,
514 2414 547 2447 3.
629 2415 674 2447 20
695 2411 808 2457 paulo
829 2415 903 2458 pet.
926 2415 1123 2461 RFpra,
1144 2416 1277 2452 Muell.
1359 2418 1406 2452 26
1425 2413 1564 2452 Gamll.

187 2460 242 2502 16,
269 2461 303 2495 5.
404 2462 449 2494 29
475 2461 556 2495 tum
578 2471 649 2506 pro
674 2462 766 2496 tunc
791 2470 859 2506 νς,
888 2463 938 2498 Κ.
959 2465 1007 2498 Π.
