1716 2742
206 140 298 186 284
656 138 695 177 C.
715 138 854 175 PLINI
879 138 945 175 ET
973 138 1188 175 TRAIANI

206 254 428 311 exploret,
461 253 575 297 sitne
595 254 720 298 lacus
742 253 877 296 altior
896 254 1030 308 mari,
1065 268 1198 310 quem
1219 253 1414 298 artifices
1434 253 1631 313 regionis

204 316 338 360 huius
386 315 685 375 quadraginta
730 315 895 359 cubitis
941 315 1148 360 altiorem
1194 330 1290 360 esse
1341 315 1630 361 contendunt.

154 389 178 420 4
205 378 305 438 Ego
339 394 418 436 per
451 378 604 422 eadem
638 379 738 423 loca
770 378 950 422 invenio
977 378 1146 423 fossam
1180 394 1207 422 a
1231 394 1336 439 rege
1362 393 1632 437 percussam,

205 440 281 485 sed
314 441 552 498 incertum,
598 443 751 484 utrum
784 440 839 484 ad
873 440 1177 500 colligendum
1209 456 1412 486 umorem
1447 441 1633 486 circum-

204 504 446 547 iacentium
507 518 720 563 agrorum
782 519 840 547 an
902 504 958 547 ad
1010 503 1383 548 committendum
1454 504 1631 549 flumini
1659 514 1676 542 ⁵

203 567 369 623 lacum3
422 568 490 610 est
542 566 661 610 enim
712 566 986 624 imperfecta.
1052 565 1154 611 Hoc
1206 581 1387 625 quoque
1433 566 1634 624 dubium,

204 629 453 686 intercepto
486 643 591 688 rege
624 629 900 673 mortalitate
935 644 991 672 an
1019 628 1254 686 desperato
1283 629 1431 687 operis
1459 629 1633 674 effectu.

154 689 292 734 5-Sed
336 691 424 735 hoc
468 690 567 749 ipso
602 689 737 750 (feres
781 691 902 735 enim
954 707 1026 735 me
1091 691 1381 736 ambitiosum
1426 707 1509 750 pro
1553 695 1635 736 tua

204 751 369 812 gloria)
414 754 580 798 incitor
624 757 669 798 et
711 754 947 812 accendor,
993 756 1044 798 ut
1090 754 1270 812 cupiam
1312 754 1469 814 peragi
1510 770 1536 799 a
1576 757 1633 813 te,

204 831 317 874 quae
349 819 526 860 tantum
560 819 800 875 coeperant
831 832 971 876 reges.
1661 827 1697 855 1⁰

779 934 909 974 XLH.
948 931 1054 986 [LL]

682 1023 938 1057 TRAIANUS
965 1023 1156 1058 PLINIO.

296 1104 453 1149 Potest
471 1120 554 1149 nos
577 1105 819 1150 sollicitare
845 1106 970 1150 lacus
992 1105 1099 1163 iste,
1131 1108 1182 1150 ut
1203 1105 1484 1150 committere
1504 1106 1634 1150 illum

202 1168 315 1211 mari
357 1168 568 1226 velimus3
612 1168 689 1213 sed
731 1169 866 1226 plane
910 1168 1236 1226 explorandum
1279 1171 1348 1213 est
1382 1168 1635 1228 diligenter,

202 1246 275 1287 ne,
311 1230 347 1275 si
394 1230 606 1275 inmissus
652 1230 700 1274 in
745 1246 867 1275 mare
913 1231 1067 1289 fuerit,
1110 1234 1234 1276 totus
1278 1231 1454 1289 effluat,
1499 1234 1631 1289 certe,
1659 1239 1696 1268 1⁵

204 1296 422 1350 quantum
465 1308 683 1351 aquarum
731 1296 775 1337 et
819 1293 939 1337 unde
986 1294 1189 1352 accipiat.
1255 1293 1432 1338 Poteris
1478 1310 1505 1338 a
1537 1293 1634 1338 Cal-

202 1356 364 1414 purnio
398 1355 550 1400 Macro
590 1358 742 1413 petere
780 1356 1062 1414 libratorem,
1101 1359 1146 1400 et
1179 1371 1262 1416 ego
1296 1357 1403 1401 hinc
1436 1357 1634 1415 aliquem

200 1419 283 1463 tibi
317 1419 512 1476 peritum
545 1419 639 1463 eius
666 1418 790 1463 modi
823 1434 1009 1477 operum
1042 1419 1231 1463 mittam,

762 1536 913 1576 XLHI.
951 1534 1078 1588 [Lu]

481 1624 524 1660 C.
545 1625 753 1660 PLINIUS
781 1625 1006 1660 TRAIANO
1034 1625 1368 1660 IMPERATORI.
1661 1630 1698 1658 20

155 1719 173 1752 1
296 1706 564 1765 Requirenti
583 1707 695 1752 mihi
715 1707 1039 1766 Byzantiorum
1063 1708 1130 1752 rei
1154 1708 1363 1766 publicae
1392 1707 1633 1766 impendia,
1712 1738 1716 1756 Ε

204 1784 318 1827 quae
345 1770 541 1815 maxima
566 1771 691 1828 fecit,
724 1771 972 1815 indicatum
1000 1773 1084 1829 est,
1118 1771 1318 1829 domine,
1349 1771 1550 1830 legatum
1577 1770 1634 1815 ad
1708 1783 1716 1843 ζ

202 1835 247 1876 te
282 1833 565 1877 salutandum
600 1834 729 1878 annis
770 1834 978 1878 omnibus
1019 1849 1122 1878 cum
1161 1833 1468 1892 psephismate
1500 1833 1634 1891 mitti,
1711 1871 1716 1883 ,

153 1907 175 1939 2
204 1895 333 1952 eique
376 1895 472 1939 dari
516 1912 806 1940 nummorum
852 1896 1058 1940 duodena
1103 1896 1238 1940 milia.
1303 1895 1480 1940 Memor
1525 1911 1573 1940 er
1606 1911 1632 1940 o
1708 1894 1716 1950 1}

202 1957 425 2015 propositi
462 1959 530 2002 tui
568 1960 769 2017 legatum
808 1959 990 2017 quidem
1028 1959 1334 2017 retinendum,
1375 1951 1634 2017 psepHisma
1659 1958 1716 2031 2⁶}

204 2017 353 2064 autem
380 2017 649 2065 mlttendum
675 2022 852 2080 putavi,
884 2025 936 2066 ut
956 2021 1093 2067 simul
1118 2024 1163 2066 et
1183 2024 1390 2080 sumptus
1409 2022 1634 2066 levaretur
1709 2033 1716 2083 1

154 2094 175 2126 3
204 2085 248 2126 et
286 2082 549 2140 impleretur
587 2084 820 2141 publicum
861 2084 1074 2129 officium.
1138 2084 1299 2129 Eidem
1340 2083 1514 2129 civitati
1552 2084 1632 2127 im-

202 2147 361 2202 putata
403 2148 508 2189 sunt
549 2148 676 2190 terna
717 2148 862 2204 milia,
907 2163 1022 2204 quae
1063 2147 1218 2192 viatici
1259 2146 1442 2191 nomine
1484 2162 1633 2190 annua

205 2207 426 2251 dabantur
466 2208 617 2267 legato
661 2210 785 2253 eunti
828 2209 894 2267 ad
927 2225 1047 2267 eum,
1095 2209 1175 2267 qui
1206 2209 1403 2254 Moesiae
1442 2211 1631 2267 praeest,

154 2282 176 2314 4
205 2269 385 2328 publice
428 2270 723 2315 salutandum.
789 2272 914 2317 Haec
957 2288 1040 2332 ego
1084 2272 1131 2316 in
1170 2274 1401 2330 posterum
1444 2271 1632 2316 circum·
1658 2279 1703 2318 ⁸⁰,

205 2332 391 2377 cidenda
411 2333 674 2378 existimavi.
733 2334 814 2392 Te,
842 2335 1043 2393 domine,
1068 2350 1201 2394 rogo,
1227 2337 1296 2392 ut,
1324 2333 1432 2392 quid
1454 2334 1632 2390 sentias,

307 2472 352 2505 15
386 2468 583 2505 immissus
618 2470 711 2515 Ba,
741 2469 890 2506 dimiss.
918 2471 969 2517 A,
998 2471 1125 2517 K.11,
1161 2470 1312 2516 Muell„
1347 2468 1502 2507 demiss.
1532 2470 1629 2515 Cat„
1691 2483 1701 2487 ·

206 2519 309 2565 K.I,
336 2519 464 2557 Hard.
569 2523 615 2556 22
644 2519 742 2556 facit
769 2520 866 2565 Cat„
896 2521 946 2557 K.
964 2522 998 2566 Ι,
1026 2521 1154 2558 Hard.
