1716 2742
17 829 53 857 10

17 1247 53 1275 15

20 1981 56 2009 25

20 2297 58 2325 30

436 125 805 164 EPISTULARUM
832 125 887 163 VI
914 130 962 163 34
978 126 1107 163 —VII
1135 130 1169 163 3.
1440 129 1527 174 177

79 241 260 288 balineo
319 257 614 300 praepararer
679 245 1024 314 mussantesque
1084 242 1284 288 medicOs
1343 246 1529 302 repente

79 304 314 364 vidissem,
363 320 547 350 causam
590 306 820 364 requisivi.
887 305 1239 364 Responderunt
1280 322 1415 365 posse
1458 323 1530 352 me

78 371 182 417 tuto
214 368 379 427 lavari,
410 384 505 413 non
537 371 691 414 tamen
718 369 904 414 omnino
940 369 1036 414 sine
1069 370 1224 428 aliqua
1258 370 1528 430 suspicione.

80 431 245 504 ‘Quid'
288 432 476 491 inquam
523 432 725 478 necesse
759 432 881 477 est‘P’
927 436 1063 491 atque
1107 434 1172 478 ita
1218 448 1299 492 spe
1349 434 1531 493 balinei,

80 496 154 542 cui
186 495 287 541 iam
310 495 498 541 videbar
531 495 710 554 inferri,
748 496 925 554 placide
964 497 1219 555 leniterque
1253 497 1441 542 dimissa
1473 498 1530 542 ad

78 558 402 604 abstinentiam
443 574 598 605 rursus
638 574 732 604 non
773 575 901 605 secus
936 575 988 605 ac
1029 560 1166 605 modo
1208 561 1265 605 ad
1296 560 1530 606 balineum

77 622 281 668 animum
315 623 585 681 vultumque
619 623 868 682 composui.
937 622 1061 677 Quae
1094 624 1181 668 tibi
1215 623 1398 683 scripsi,
1441 625 1531 684 pri-

78 702 205 731 mum
238 689 291 731 ut
323 689 369 731 te
401 701 495 732 non
528 687 626 731 sine
660 687 869 745 exemplo
905 702 1160 743 monerem,
1203 687 1364 732 deinde
1397 691 1450 733 ut
1483 689 1532 733 in

78 752 314 809 posterum
360 750 458 808 ipse
498 750 554 794 ad
595 749 783 795 eandem
822 750 1172 809 temperantiam
1214 751 1532 811 adstringeret,

80 828 184 859 cum
218 829 290 858 me
322 813 410 858 hac
443 813 639 872 epistula
672 814 803 871 quasi
837 814 1028 873 pignore
1063 814 1350 874 obligassem.
1404 815 1529 860 Vale.

774 932 829 972 ΙΙ.

474 1021 517 1056 C.
541 1022 749 1057 PLINIUS
778 1022 932 1057 IUSTO
963 1023 1060 1058 SUO
1092 1023 1130 1057 S.

177 1103 322 1158 Quem
351 1105 406 1149 ad
435 1106 620 1150 modum
649 1107 882 1166 congruit,
914 1109 966 1150 ut
999 1107 1137 1151 simul
1165 1110 1209 1151 et
1242 1107 1452 1152 adfirmes
1486 1111 1531 1152 te

80 1168 282 1214 adsiduis
323 1169 701 1228 occupationibus
736 1169 947 1228 impediri
981 1173 1027 1214 et
1059 1171 1230 1228 scripta
1268 1174 1426 1215 nostra
1460 1171 1532 1216 de·

80 1231 270 1289 sidetes,
309 1247 424 1290 quae
457 1232 536 1277 vix
568 1233 625 1277 ab
661 1232 821 1277 otiosis
856 1234 1099 1292 impetrare
1134 1234 1307 1292 aliquid
1340 1234 1533 1293 perituri

78 1295 299 1354 temporis
345 1296 574 1354 possunt?
639 1295 795 1341 Patiar
846 1312 954 1356 ergo
1009 1300 1228 1342 aestatem
1282 1298 1533 1355 inquietam

79 1358 211 1404 vobis
239 1359 576 1418 exercitamque
602 1362 911 1405 transcurrere
944 1363 989 1404 et
1015 1361 1164 1405 hieme
1192 1361 1393 1419 demum,
1428 1376 1532 1406 cum

81 1421 298 1467 credibile
319 1422 406 1467 erit
430 1423 644 1468 noctibus
672 1424 834 1468 saltem
863 1438 1024 1468 vacare
1051 1426 1096 1468 te
1117 1439 1271 1482 posse,
1305 1439 1532 1482 quaeram,

81 1485 192 1544 quid
219 1486 512 1544 potissimum
540 1502 596 1531 ex
621 1487 757 1546 nugis
785 1487 897 1531 meis
925 1487 1011 1531 tibi
1039 1487 1289 1531 exhibeam.
1343 1487 1532 1533 Interim

81 1548 260 1594 abunde
289 1552 377 1607 est,
404 1549 443 1594 si
470 1550 693 1608 epistulae
719 1566 814 1594 non
841 1554 948 1594 sunt
975 1551 1212 1608 molestae3
1246 1554 1354 1595 sunt
1381 1554 1532 1597 autem

82 1614 127 1657 et
159 1612 262 1657 ideo
296 1613 527 1658 breviores
562 1616 706 1658 erunt.
774 1613 901 1657 Vale.

764 1732 842 1771 HI.
890 1738 980 1780 snm
1013 1738 1105 1782 bn(
1133 1742 1173 1778 ὅ
1194 1739 1251 1777 a«
1279 1735 1359 1807 ἇς

415 1820 458 1854 C.
482 1820 691 1855 PLINIUS
719 1820 1010 1855 PRAESENTI
1040 1822 1137 1856 SUO
1170 1822 1208 1856 S.

178 1902 385 1947 Tantane
417 1904 755 1961 perseverantia
786 1907 838 1948 tu
878 1905 1013 1949 modo
1048 1905 1096 1949 in
1135 1905 1358 1963 Lucania,
1398 1906 1533 1951 modo

82 1967 132 2010 in
179 1964 459 2023 Campania?
530 1965 654 2024 ‘Ipse
707 1966 850 2011 enim’
902 1968 1055 2026 inquis
1111 1968 1362 2026 tLucanus,
1420 1985 1536 2014 uxor

84 2028 351 2087 Campana'.
415 2027 544 2074 Iusta
586 2044 722 2074 causa
760 2031 984 2090 longioris
1019 2032 1271 2090 absentiae,
1309 2047 1404 2077 non
1436 2048 1535 2091 per-

83 2095 248 2151 petuae
282 2095 446 2137 tamen.
514 2091 635 2145 Quin
681 2108 789 2153 ergo
830 2094 1075 2153 aliquando
1109 2096 1158 2140 in
1191 2096 1349 2140 urbem
1383 2095 1535 2141 redis?

83 2155 164 2200 ubi
206 2155 426 2216 dignitas,
471 2156 638 2214 honor,
684 2157 909 2203 amicitiae
954 2161 1048 2203 tam
1096 2159 1350 2218 superiores
1398 2174 1535 2216 quam

84 2220 295 2264 minores.
349 2218 596 2277 Quousque
622 2219 864 2279 regnabis?
899 2237 1138 2280 quousque
1165 2221 1396 2281 vigilabis,
1431 2237 1535 2267 cum

84 2283 232 2341 voles,
263 2281 478 2340 dormies,
513 2297 649 2340 quam
684 2283 762 2327 diu
795 2284 952 2329 voles?
987 2300 1223 2344 quousque
1258 2285 1396 2330 calcei
1429 2301 1536 2331 nus-

86 2361 243 2417 quam,
287 2348 398 2405 toga
431 2345 610 2403 feriata,
655 2346 772 2391 liber
803 2350 928 2394 totus
970 2348 1096 2393 dies‘?
1155 2348 1354 2406 Tempus
1389 2351 1458 2393 est
1490 2352 1534 2394 te

85 2409 281 2454 revisere
314 2409 546 2453 molestias
573 2412 752 2454 nostras
779 2411 854 2455 vel
881 2412 938 2456 ob
966 2412 1054 2456 hoc
1089 2413 1258 2470 solum,
1290 2426 1347 2456 ne
1374 2413 1535 2471 volup-

189 2537 211 2570 5
239 2533 457 2581 leviterque
486 2535 547 2571 M.
659 2537 707 2571 20
735 2536 828 2572 sunt
853 2534 930 2572 tibi
957 2535 1049 2573 mol.
1077 2544 1142 2574 νς.
1255 2540 1301 2573 31
1330 2538 1370 2574 te
1397 2548 1469 2575 om.
1498 2551 1533 2574 α.

164 2610 311 2639 thms
327 2610 450 2638 Mluoss
467 2614 526 2637 En.
544 2613 715 2639 KUKULA.
814 2625 822 2628 -
1259 2616 1305 2649 12

1561 637 1581 670 7

1564 1919 1582 1951 1

1563 2109 1583 2144 2

1563 2362 1585 2394 3
