1716 2742
429 115 789 158 PANEGYRICUS
818 123 876 165 13,
891 130 908 157 2
923 142 970 147 —
987 123 1045 165 15,
1059 130 1088 157 4.
1384 121 1476 166 333

49 235 365 294 dirimuntque.
443 234 529 279 Per
572 236 660 280 hoc
706 251 838 280 omne
884 236 1089 294 spatium>
1126 251 1228 280 cum
1272 235 1474 295 legiones
1503 247 1525 280 3

49 299 236 345 duceres
272 313 353 343 seu
383 298 536 356 potius
570 297 716 358 (tanta
750 299 965 343 velocitas
1000 296 1114 358 erat)
1148 313 1344 357 raperes,
1383 313 1477 342 non

47 361 307 408 vehiculum
338 376 572 419 umquam,
605 377 698 406 non
731 377 897 419 equum
928 361 1178 420 respexisti.
1211 360 1344 406 Levis
1389 361 1476 418 hic,

46 439 142 470 non
172 423 424 469 subsidium
458 424 649 481 itineris,
691 425 768 468 sed
802 425 936 470 decus
978 427 1042 480 [et
1074 426 1196 481 cum]
1239 424 1478 482 subseque-

3 499 24 530 ⁸
47 488 199 546 batur,
230 489 284 532 ut
303 487 430 532 cuius
449 487 601 531 nullus
622 487 705 531 tibi
725 503 853 545 usus,
884 487 973 531 nisi
994 502 1096 532 cum
1116 488 1188 532 die
1208 487 1476 531 stativorum

46 549 306 610 proximum
338 564 549 608 campum
588 550 818 594 alacritate
857 550 1084 595 discursus
1124 551 1308 608 pulvere
1350 550 1479 594 attol-

47 613 176 658 leres.
238 611 426 657 Initium
463 612 630 657 laboris
670 613 806 657 mirer
843 629 896 657 an
939 613 1105 657 finem?
1163 613 1359 657 Multum
1399 615 1478 670 est,
1505 624 1529 657 4

50 675 172 735 quod
203 675 519 734 perseverasti,
550 675 653 733 plus
686 678 855 731 tamen,
896 675 1018 733 quod
1048 692 1142 720 non
1173 675 1386 733 timuisti,
1422 691 1480 719 ne

48 753 333 798 perseverare
364 753 458 783 non
489 753 656 796 posses.
710 738 807 783 Nee
839 739 1017 796 dubito,
1051 738 1160 797 quin
1193 739 1291 796 ille,
1325 739 1402 796 qui
1434 741 1480 783 te
1507 749 1529 783 5

0 814 27 848 ιο
50 802 170 847 inter
199 801 280 846 illa
313 799 576 847 Germaniae
615 801 735 845 bella
768 802 823 846 ab
858 801 1079 859 Hispania
1110 817 1252 860 usque
1286 804 1337 846 ut
1369 801 1479 845 vali-

50 864 285 910 dissimum
327 864 602 923 praesidium
645 864 888 922 exciverat,
931 865 1048 909 iners
1092 865 1189 922 ipse
1233 864 1480 922 alienisque

49 927 293 973 virtutibus
334 930 445 972 tunc
488 941 668 985 quoque
710 927 889 972 invidus
932 928 1195 985 imperator,
1250 942 1352 972 cum
1395 943 1481 985 ope

50 1005 204 1036 earum
249 990 488 1050 indigeret,
534 993 707 1034 tantam
754 991 1096 1034 admirationem
1141 991 1209 1034 tui
1250 1006 1342 1034 non
1385 990 1481 1034 sine

51 1053 247 1112 quodam
278 1053 440 1098 timore
480 1053 754 1111 conceperit,
794 1056 1008 1111 quantam
1048 1053 1124 1098 ille
1164 1053 1342 1112 genitus
1375 1051 1482 1097 Iove

0 1128 25 1158 m
50 1118 156 1176 post
180 1131 338 1161 saevos
362 1116 540 1160 labores
568 1116 767 1174 duraque
795 1116 983 1174 imperia
1002 1116 1099 1175 regi
1126 1131 1207 1161 suo
1236 1116 1481 1160 indomitus

50 1194 228 1238 semper
258 1178 597 1236 indefessusque
637 1179 875 1236 referebat,
915 1194 1018 1224 cum
1058 1179 1157 1223 aliis
1198 1194 1332 1237 super
1371 1179 1481 1223 alias

51 1241 413 1301 expeditionibus
439 1242 599 1286 itinere
627 1243 706 1286 illo
735 1243 898 1301 dignus
926 1242 1201 1286 invenireris.
1254 1241 1482 1286 Tribunus
1496 1238 1556 1287 15

50 1320 158 1350 vero
191 1305 565 1350 disiunctissimas
599 1308 740 1349 terras
774 1306 938 1349 teneris
966 1305 1112 1349 adhuc
1145 1305 1272 1349 annis
1299 1305 1385 1349 viri
1411 1304 1484 1348 fir-

51 1369 208 1413 mitate
238 1369 442 1414 lustrasti
476 1368 566 1412 iam
598 1371 708 1413 tunc
740 1370 1061 1426 praemonente
1087 1368 1289 1425 fortuna,
1322 1370 1374 1411 ut
1406 1367 1483 1411 diu

0 1443 28 1472 m
51 1431 323 1490 penitusque
361 1431 655 1490 perdisceres,
698 1447 810 1489 quae
850 1446 957 1475 mox
989 1431 1245 1489 praecipere
1287 1430 1482 1475 deberes.

50 1493 211 1552 Neque
263 1494 383 1539 enim
429 1495 714 1552 prospexisse
767 1497 913 1538 castra
958 1494 1228 1551 brevemque
1274 1493 1483 1538 militiam
1510 1504 1532 1537 2

52 1557 182 1616 quasi
212 1558 428 1603 transisse
461 1559 699 1602 contentus
739 1557 802 1600 ita
842 1557 975 1616 egisti
1014 1557 1266 1614 tribunum,
1308 1559 1361 1600 ut
1393 1556 1485 1600 dux

51 1635 149 1665 esse
169 1620 323 1665 statim
352 1635 508 1678 posses
538 1620 742 1678 nihilque
772 1620 1031 1664 discendum
1063 1619 1250 1664 haberes
1282 1622 1485 1677 tempore

52 1682 261 1728 docendi:
287 1683 542 1743 cognovisti
567 1699 648 1741 per
674 1683 897 1740 stipendia
921 1683 1073 1726 decem
1097 1697 1243 1727 mores
1267 1682 1485 1741 gentium,
1513 1693 1534 1726 3

0 1759 27 1788 15
50 1746 290 1806 regionum
335 1747 469 1803 situs,
523 1746 884 1804 opportunitates
927 1746 1132 1790 locorum
1176 1748 1221 1789 et
1262 1745 1485 1789 diversam

53 1824 271 1868 aquarum
314 1810 514 1867 caelique
553 1808 818 1867 temperiem
858 1811 909 1852 ut
947 1808 1117 1866 patrios
1158 1808 1305 1853 fontes
1349 1808 1485 1866 patri-

51 1887 219 1930 umque
246 1872 369 1916 sidus
396 1872 513 1916 ferre
546 1871 784 1916 consuesti.
839 1870 1056 1924 Quotiens
1084 1886 1244 1928 equos,
1277 1871 1484 1929 quotiens

52 1934 238 1982 emerita
263 1950 388 1979 arma
413 1934 616 1978 mutasti!
650 1933 813 1978 Veniet
839 1949 946 1993 ergo
973 1937 1172 1992 tempus,
1198 1949 1287 1992 quo
1316 1933 1484 1991 posteri
1512 1944 1535 1977 4

52 1998 197 2042 visere
241 1997 566 2055 visendamque
617 1996 792 2041 tradere
838 1997 1086 2041 minoribus
1134 1997 1226 2041 suis
1279 1997 1486 2055 gestient,

0 2073 28 2102 ιο
54 2061 155 2119 quis
198 2060 383 2105 sudores
427 2063 528 2104 tuos
571 2060 771 2104 hauserit
814 2074 1018 2118 campus,
1064 2075 1177 2117 quae
1219 2059 1485 2104 refectiones

155 2213 180 2246 4
207 2211 248 2246 et
275 2221 363 2246 cum
391 2210 451 2255 M,
487 2209 526 2246 et
552 2210 687 2246 tamen
713 2221 758 2254 w,
793 2211 832 2245 et
867 2220 955 2245 cum
990 2208 1130 2245 ceteris
1166 2209 1248 2245 edd.
1271 2209 1486 2255 antiquiss„

53 2261 157 2306 K.1,
185 2261 226 2297 et
251 2260 432 2296 tutamen
458 2260 600 2296 Baehr.
629 2260 696 2305 (cf.
717 2259 822 2307 Very.
846 2260 943 2296 Aen.
962 2259 995 2295 V
1012 2261 1119 2305 262),
1147 2260 1186 2295 et
1213 2259 1487 2296 ornamentum

52 2309 74 2347 ,9
96 2311 149 2347 K.
163 2311 223 2356 II,
243 2311 284 2348 te
304 2311 462 2346 tantum
477 2309 659 2355 Schnelle,
680 2309 902 2356 equitatum
922 2309 942 2346 ‚9
963 2310 1115 2353 Muell„
1143 2310 1184 2346 et
1202 2308 1337 2345 lumen
1349 2309 1487 2357 Stanyl
1554 2307 1556 2309 ’

53 2360 262 2409 (Georgo-9⁷
282 2372 311 2398 s.
334 2373 367 2397 v.
391 2360 509 2396 decus
526 2361 556 2397 I
569 2364 590 2396 1
603 2360 656 2408 β),
684 2361 724 2396 et
745 2371 874 2396 comes
895 2361 961 2406 (cf.
978 2372 1033 2407 ep.
1055 2360 1165 2396 VIII
1180 2362 1242 2405 23,
1262 2362 1303 2406 5)
1330 2359 1487 2405 Suster„

53 2410 125 2448 del.
139 2415 185 2448 ut
200 2411 387 2459 ylossema
408 2411 462 2458 (et
477 2421 565 2446 cum
579 2428 616 2440 =
632 2412 782 2457 equum)
804 2411 945 2457 Haupt
958 2411 1092 2449 Herm.
1114 2410 1218 2447 V26.
1317 2412 1363 2446 10
1383 2409 1488 2446 inter

53 2460 143 2507 ipsa
169 2464 215 2498 A.
359 2465 406 2497 22
433 2460 653 2497 transiJisse
680 2462 865 2506 Amtze‘n,
894 2460 946 2497 K.
962 2461 1021 2505 II,
1049 2460 1192 2497 Baehr.
1222 2482 1267 2486 —
1296 2459 1375 2496 dux
1402 2471 1487 2497 esse

57 2511 118 2558 W,
145 2511 197 2549 K.
213 2512 273 2558 11,
300 2523 384 2549 esse
411 2511 491 2547 dux
518 2511 725 2557 BB'OV,
754 2511 806 2548 K.
823 2511 858 2557 Ι,
884 2511 1025 2548 Baehr.
