1630 2678
163 133 251 179 110
753 127 792 164 c
819 126 953 163 PLINI

161 258 340 300 remque
371 242 437 286 illi
482 241 615 298 patri,
657 240 722 283 illi
764 253 845 283 avo
886 239 1065 283 fortuna
1106 237 1354 282 servaverit.
1418 235 1552 281 Cuius

162 319 244 363 ego
277 319 357 361 pro
392 303 543 372 salute,
583 316 663 358 pro
706 301 900 344 moribus
941 300 1026 343 hoc
1067 314 1165 343 sum
1207 298 1349 357 magis
1383 298 1554 355 anxius,

114 378 136 411 6
163 365 294 435 quod·
327 365 481 408 unicus
522 363 663 406 factus
714 364 791 405 est.
866 360 998 405 Nosti
1042 361 1089 403 in
1129 374 1277 404 amore
1317 359 1552 403 mollitiam

163 426 298 470 animi
331 425 430 481 mei,
460 425 577 467 nosti
610 426 769 478 metus3
803 437 889 478 quo
923 422 1068 465 minus
1107 423 1151 464 te
1191 420 1342 464 mirari
1381 422 1554 478 oporte-

162 487 239 542 bit,
272 487 389 543 quod
421 486 658 542 plurimum
690 484 882 538 timeam,
924 483 976 526 de
1009 497 1096 539 quo
1129 482 1371 539 plurimum
1413 496 1554 539 spero.
1577 498 1596 527 5

164 522 284 592 Vale.

68 650 103 703 Χ
212 621 333 669 Gym
351 640 443 669 (mc
451 628 548 666 suun
581 622 806 669 ‘hostum
794 609 923 648 XXII.
937 604 1106 679 βῆτ’-ν
1131 604 1350 647 arduam»

395 697 437 731 C.
458 697 658 730 PLINIUS
686 696 970 729 SEMPRONIO
998 695 1132 728 RUFO
1161 694 1256 728 SUO
1283 694 1321 728 S.

118 778 136 810 1
249 765 434 809 Interfui
479 764 689 821 principis
738 763 893 820 optimi
941 762 1185 821 cognitioni
1231 762 1279 806 in
1323 761 1555 806 consilium

166 827 434 883 adsumptus.
487 824 724 882 Gymnicus
751 839 866 882 agon
892 825 1008 881 apud
1034 823 1306 868 Viennenses
1333 837 1387 866 ex
1413 823 1556 867 cuius-
1581 842 1617 870 ιο

167 888 267 931 dam
292 889 554 931 testamento
582 886 889 930 celebrabatur.
935 885 1068 929 Hunc
1087 884 1334 935 Trebonius
1353 883 1556 940 Rufinus,

166 949 235 992 vir
266 948 467 1006 egregius
499 948 713 1003 nobisque
745 947 930 1003 amicus,
968 947 1015 989 in
1047 946 1330 990 duumviratu
1362 959 1441 989 suo
1474 945 1557 988 tol-

167 1009 344 1053 lendum
383 1008 732 1064 abolendumque
774 1009 952 1051 curavit.
1015 1007 1275 1066 Negabatur
1315 1021 1370 1050 ex
1409 1008 1557 1050 aucto-

119 1081 140 1113 2
166 1070 296 1114 ritate
334 1069 511 1126 publica
551 1069 715 1112 fecisse.
778 1068 885 1127 Egit
925 1069 1019 1125 ipse
1061 1083 1237 1112 causam
1279 1083 1371 1112 non
1411 1067 1556 1111 minus

166 1131 352 1174 feliciter
383 1145 514 1186 quam
552 1130 720 1173 diserte.
785 1128 1128 1174 Commendabat
1164 1129 1401 1185 actionem,
1439 1127 1558 1197 quod
1584 1145 1619 1174 ιε

168 1195 392 1247 tamquam
434 1191 565 1234 homo
607 1190 830 1234 Romanus
873 1194 916 1234 et
957 1191 1099 1235 bonus
1141 1190 1250 1235 civis
1291 1190 1338 1233 in
1377 1188 1558 1248 negotio

121 1262 142 1295 8
170 1267 248 1297 suo
291 1255 458 1295 mature
506 1254 550 1294 et
589 1252 779 1309 graviter
824 1252 1097 1308 loquebatur.
1162 1250 1273 1295 Cum
1317 1250 1559 1295 sententiae

168 1315 523 1370 perrogarentur,
565 1312 675 1355 dixit
711 1312 863 1356 Iunius
901 1313 1140 1370 Mauricus,
1182 1327 1271 1370 quo
1313 1312 1408 1355 viro
1445 1311 1560 1355 nihil

169 1375 358 1429 firmius,
394 1374 506 1417 nihil
537 1374 700 1430 verius,
736 1389 826 1417 non
859 1389 951 1417 esse
987 1373 1308 1417 restituendum
1339 1372 1559 1416 Viennen-

171 1435 290 1478 sibus
321 1449 476 1491 agona3
507 1434 680 1478 adiecit:
713 1434 901 1478 ‘Vellem
923 1435 1053 1478 etiam
1069 1434 1236 1478 Romae
1258 1433 1358 1478 tolli
1380 1431 1560 1491 posset?
1583 1452 1621 1481 ,ο

122 1506 144 1537 4
172 1494 447 1548 Constanter,
495 1495 659 1551 inquis,
706 1499 750 1539 et
795 1496 979 1539 fortiter.
1043 1495 1237 1548 Quidni?
1284 1495 1361 1539 sed
1407 1495 1493 1538 hoc
1534 1509 1560 1537 a

171 1555 365 1599 Maurico
392 1571 555 1598 novum
580 1571 671 1599 non
697 1559 773 1599 est.
824 1557 944 1600 Idem
972 1557 1089 1614 apud
1114 1557 1426 1613 imperatorem
1449 1553 1560 1599 Ner-

172 1632 270 1660 vam
315 1631 405 1659 non
448 1617 591 1659 minus
634 1618 817 1661 fortiter.
882 1617 1074 1662 Cenabat
1115 1617 1265 1662 Nerva
1308 1631 1409 1660 cum
1454 1631 1561 1673 pau-

173 1678 254 1732 cis3
283 1676 469 1720 Veiento
495 1678 719 1733 proximus
746 1681 877 1734 atque
904 1680 1034 1722 etiam
1062 1679 1108 1722 in
1134 1677 1234 1723 sinu
1258 1676 1559 1722 recumbebat:

124 1748 146 1781 5
173 1738 264 1781 dixi
306 1739 472 1794 omnia,
513 1753 610 1781 cum
652 1740 874 1782 hominem
914 1740 1150 1783 nominavi.
1213 1737 1376 1783 Incidit
1415 1751 1559 1782 sermo
1585 1754 1621 1784 ξε

173 1799 225 1842 de
265 1797 436 1841 Catullo
475 1798 727 1854 Messalino,
771 1800 846 1855 qui
883 1801 1124 1844 luminibus
1164 1800 1343 1844 orbatus
1381 1799 1560 1857 ingenio

173 1874 302 1903 saevo
344 1860 459 1902 mala
498 1860 718 1902 caecitatis
760 1861 1001 1904 addiderat:
1048 1877 1139 1905 non
1178 1860 1431 1917 verebatur,
1470 1874 1562 1903 non

174 1920 465 1975 erubescebat,
490 1935 579 1963 non
605 1921 908 1977 miserebatur-3
941 1937 1027 1978 quo
1055 1922 1228 1979 saepius
1254 1937 1281 1965 a
1306 1920 1561 1965 Domitiano

173 1995 263 2024 non
296 1995 418 2024 secus
451 1995 501 2023 ac
532 1981 631 2035 tela,
664 1996 773 2036 quae
806 1985 848 2024 et
876 1983 972 2038 ipsa
1003 1998 1130 2027 caeca
1156 1986 1200 2026 et
1225 1981 1472 2038 improvida
1502 1981 1562 2024 fe-

172 2044 346 2097 runtur,
397 2042 441 2084 in
497 2042 711 2097 optimum
763 2057 978 2098 quemque
1036 2043 1419 2101 contorquebatur.
1494 2041 1562 2085 De
1586 2061 1624 2089 ιο

273 2153 292 2184 1
313 2148 374 2184 illi
392 2148 495 2194 patri
515 2159 583 2184 om.
606 2149 655 2184 M
668 2150 707 2184 V.
799 2154 840 2185 12
863 2162 930 2186 suo
950 2151 1070 2197 RFp
1081 2164 1122 2196 a,
1145 2151 1242 2196 Otto,
1262 2150 1410 2194 Muell„
1432 2150 1562 2194 Merv„

174 2209 243 2234 om.
272 2199 323 2234 M
334 2197 415 2233 VD
427 2206 467 2242 ς,
494 2197 545 2233 K.
646 2201 689 2233 21
717 2198 788 2233 hoc
807 2199 976 2235 maurico
998 2201 1035 2236 R
1046 2200 1116 2236 Ἐς
1127 2213 1164 2245 α,
1188 2200 1262 2236 hoc
1281 2198 1435 2236 fortiter
1453 2208 1562 2235 mau-

174 2246 253 2282 rico
279 2246 395 2291 Dpr.
557 2249 601 2281 22
628 2246 719 2291 imp.
746 2245 857 2282 Nerv.
886 2248 935 2282 M
948 2248 1062 2284 VD?
1087 2249 1151 2294 (cf.
1179 2249 1261 2285 VII
1281 2250 1342 2293 31,
1369 2249 1424 2293 4),
1448 2245 1563 2284 Nerv.

174 2295 266 2341 ἰιιιρ.
294 2294 477 2341 RFpra
503 2294 567 2338 (cf.
596 2295 713 2330 1110
700 2299 713 2304 “
753 2298 796 2338 9,·
822 2296 888 2331 IV
910 2300 966 2340 17,
993 2299 1045 2342 8.)
1165 2300 1210 2332 23
1237 2307 1313 2333 ιιοιι
1338 2295 1466 2332 minus
1491 2305 1561 2332 om.

176 2343 303 2381 RFr.
328 2363 378 2369 —
402 2342 500 2379 forte
526 2343 660 2386 RFr,
687 2343 838 2379 fortiter
862 2345 938 2380 rell.
1076 2313 1123 2384 ὅθ
1149 2345 1308 2381 orbatus
1333 2344 1472 2390 RFa,
1497 2343 1564 2389 K,

177 2393 309 2477 MerrR
319 2390 442 2477 ἕψω
462 2391 502 2427 D
510 2402 583 2438 pr
605 2393 740 2437 captus
762 2393 811 2428 M
824 2393 901 2436 Vs,
923 2393 1055 2440 Stangl
1074 2397 1160 2452 6755,
1181 2394 1314 2431 Muell.
1414 2395 1461 2429 28
1487 2400 1563 2439 quo

175 2451 234 2478 om
367 2452 392 2477 a
