1716 2742
185 121 275 166 348
798 117 836 154 o.
858 117 995 154 PLINI

136 246 157 279 3
185 235 317 294 gibus
351 233 587 277 videretur.
653 231 780 276 Licet
820 247 927 291 ergo
962 246 1063 276 cum
1103 232 1287 276 fortuna
1318 235 1415 276 tum
1455 232 1614 277 libera-

183 298 287 342 litas
328 299 406 340 tua
438 295 624 339 visenda
656 294 786 339 nobis
826 295 1101 353 praebuerit,
1144 297 1195 338 ut
1227 295 1452 353 praebuit,
1494 309 1616 339 nunc

184 359 385 417 ingentia
415 359 579 402 robora
610 357 809 402 virorum
844 360 888 402 et
919 373 1048 416 pares
1082 357 1275 415 animos,
1306 373 1428 403 nunc
1460 357 1616 402 imma-

183 423 372 467 nitatem
392 421 602 479 ferarum,
620 435 742 465 nunc
761 421 1153 474 mansuetudinem
1172 420 1462 480 incognitam,
1494 435 1615 466 nunc

184 487 375 530 secretas
408 484 509 528 illas
543 486 588 528 et
620 498 803 528 arcanas
838 499 890 528 ac
923 485 1005 529 sub
1045 486 1089 528 te
1122 483 1319 542 primum
1354 498 1614 529 communes
1642 499 1658 527 5

185 563 311 606 opes,
343 547 459 591 nihil
491 549 643 591 tamen
670 547 863 606 gratius,
895 546 1012 591 nihil
1039 547 1217 591 saeculo
1245 546 1446 606 dignius,
1478 562 1614 605 quam

185 611 305 669 quod
333 609 525 669 contigit
552 610 742 681 desuper
775 610 941 654 intueri
971 609 1222 654 delatorum
1254 609 1414 667 supina
1443 625 1522 654 ora
1550 625 1615 654 re-

132 686 155 717 4
182 676 415 731 tortasque
449 673 654 717 cervices.
719 671 1090 732 Agnoscebamus
1125 676 1170 717 et
1201 672 1479 728 fruebamur,
1513 688 1615 717 011111

182 737 307 781 velut
344 736 593 795 piaculares
632 735 840 793 publicae
881 735 1197 781 sollicitudinis
1230 735 1441 781 victimae
1480 750 1616 794 supra

182 799 448 859 sanguinem
488 799 728 843 noxiorum
771 799 826 842 ad
868 799 992 843 lenta
1034 799 1257 857 supplicia
1296 799 1615 858 gravioresque
1643 815 1678 842 10

133 874 153 907 5
182 878 349 920 poenas
391 862 670 907 ducerentur
738 860 951 921 Congesti
995 864 1100 907 sunt
1142 862 1190 906 in
1230 861 1412 921 navigia
1449 861 1616 920 raptim

183 925 437 983 conquisita
480 940 531 970 ac
574 924 922 983 tempestatibus
966 924 1124 969 dediti:
1171 924 1365 980 abirent,
1407 924 1617 984 fugerent

181 991 377 1034 vastatas
405 988 707 1032 delationibus
734 989 894 1045 terras,
921 1003 992 1046 ac,
1019 987 1056 1032 si
1086 1002 1218 1045 quem
1245 987 1409 1032 fluctus
1437 1002 1488 1032 ac
1513 1002 1616 1046 pro-

182 1051 319 1096 cellae
353 1051 551 1109 scopulis
579 1053 899 1108 reservassent,
938 1051 1015 1095 hic
1047 1050 1168 1095 nuda
1200 1065 1307 1095 saxa
1341 1053 1385 1095 et
1416 1050 1615 1108 inhospi-

181 1114 270 1159 tale
301 1114 409 1159 litus
443 1114 678 1171 incoleret,
711 1116 863 1173 ageret
897 1113 1053 1158 duram
1087 1116 1133 1158 et
1165 1113 1344 1158 anxiam
1377 1113 1518 1158 vitam
1549 1129 1615 1158 re·
1643 1129 1677 1157 15

179 1178 375 1236 lictaque
409 1180 514 1235 post
546 1179 724 1236 tergum
763 1177 903 1222 totius
939 1177 1114 1236 generis
1156 1176 1343 1221 humani
1376 1176 1616 1222 securitate

106 1238 405 1286 35maereret.
445 1239 739 1284 Memoranda
758 1239 915 1298 facies,
943 1239 1195 1285 delatorum
1216 1239 1373 1285 classis
1394 1239 1615 1298 permissa

182 1303 391 1348 omnibus
426 1303 569 1347 ventis
610 1305 853 1360 coactaque
893 1303 993 1347 vela
1034 1303 1379 1361 tempestatibus
1418 1302 1613 1361 pandere

179 1367 409 1424 iratosque
443 1366 607 1410 fluctus
642 1366 785 1423 sequi,
822 1381 1132 1423 quoscumque
1165 1366 1213 1410 in
1246 1365 1458 1424 scopulos
1493 1365 1615 1410 detu-

179 1429 349 1474 lissent.
390 1428 581 1473 Iuvabat
613 1431 901 1499 prospectare
935 1429 1088 1473 statim
1123 1445 1149 1473 a
1180 1431 1318 1487 portu
1345 1444 1506 1501 sparsa
1536 1443 1613 1473 na·
1639 1445 1676 1472 κο

181 1493 304 1552 vigia
337 1494 383 1536 et
417 1492 536 1550 apud
569 1491 682 1536 illud
716 1492 866 1549 ipsum
894 1507 1016 1536 mare
1050 1507 1182 1552 agere
1210 1492 1407 1551 principi
1433 1491 1616 1551 gratias,

180 1556 259 1613 qui
292 1555 530 1600 clementia
570 1571 650 1598 sua
690 1555 814 1599 salva
846 1554 1066 1599 ultionem
1099 1555 1338 1600 hominum
1377 1557 1615 1599 terrarum-

130 1630 150 1663 2
180 1634 266 1676 que
294 1619 361 1662 dis
389 1617 524 1662 maris
553 1617 920 1662 commendasset.
988 1617 1216 1671 Quantum
1244 1617 1478 1663 diversitas
1505 1620 1616 1662 tem-

178 1697 339 1740 porum
373 1683 544 1739 posset,
578 1683 676 1724 tum
710 1680 902 1725 maxime
937 1681 1170 1740 cognitum
1204 1684 1290 1739 est,
1336 1695 1439 1726 cum
1472 1679 1615 1725 isdem

180 1744 342 1802 quibus
389 1746 520 1788 antea
567 1743 773 1789 cautibus
827 1743 1223 1789 innocentissimus
1270 1743 1462 1802 quisque
1506 1746 1616 1788 tunc
1643 1760 1678 1788 25

177 1807 524 1852 nocentissimus
552 1806 842 1866 adfigeretur,
877 1822 1070 1865 cumque
1097 1807 1268 1852 insulas
1297 1821 1470 1864 omnes,
1504 1821 1615 1865 quas

179 1871 313 1915 modo
342 1872 622 1927 senatorum,
648 1870 739 1914 iam
767 1870 1018 1915 delatorum
1046 1870 1180 1915 turba
1206 1870 1472 1928 compleret3
1501 1884 1614 1928 quos

180 1933 360 1991 quidem
393 1948 486 1977 non
525 1932 573 1977 in
607 1948 816 1990 praesens
850 1936 1046 1990 tantum,
1087 1932 1164 1978 sed
1198 1933 1246 1977 in
1285 1935 1516 1978 aeternum
1549 1947 1614 1977 re-

129 2008 150 2042 3
177 1996 381 2054 pressisti
421 1996 544 2040 mille
577 2011 825 2053 poenarum
866 1996 1079 2056 indagine
1118 1997 1330 2041 inclusos.
1396 1995 1615 2053 Ereptum

178 2059 345 2104 alienas
378 2059 590 2117 pecunias
625 2062 752 2116 eunt,
783 2059 993 2118 perdant,
1028 2075 1138 2116 quas
1171 2059 1359 2117 habent3
1393 2058 1615 2118 expellere
1642 2074 1678 2102 so
1712 2070 1716 2072 ·

177 2122 416 2180 penatibus
462 2122 683 2181 gestiunt,
728 2122 820 2167 suis
861 2122 1157 2167 exturbentur
1198 2137 1344 2180 neque
1388 2123 1441 2166 ut
1485 2123 1616 2166 antea
1714 2131 1716 2136 ’

179 2200 451 2244 exsanguem
491 2184 616 2229 illam
651 2188 696 2229 et
728 2185 919 2229 ferream
959 2186 1155 2230 frontem
1195 2184 1470 2244 nequiquam
1511 2199 1614 2229 con-

178 2248 501 2293 vulnerandam
534 2247 780 2306 praebeant
818 2249 999 2306 punctis
1040 2251 1086 2293 et
1118 2250 1250 2293 notas
1284 2262 1387 2292 suas
1427 2247 1614 2303 rideant,

174 2311 255 2355 sed
288 2313 526 2369 expectent
557 2310 682 2368 paria
714 2312 914 2368 praemio
956 2311 1119 2356 damna
1157 2326 1241 2356 nec
1280 2310 1472 2355 maiores
1513 2325 1613 2368 spes

280 2464 300 2497 6
328 2460 386 2496 1111
412 2460 637 2508 Romaeque
657 2472 700 2508 p.
721 2463 809 2499 207.
925 2464 969 2497 11
999 2459 1187 2509 Congesti
1209 2487 1369 2497 .......
1393 2458 1518 2496 dediti
1543 2463 1614 2497 aut

176 2514 262 2558 post
280 2511 404 2546 terras
425 2522 457 2547 v.
476 2513 523 2548 13
543 2511 670 2548 colloe.
693 2515 763 2547 aut
782 2511 853 2547 del.
875 2511 979 2548 iubet
999 2511 1178 2548 Haasius
1198 2510 1301 2556 misc.
1323 2509 1417 2556 phil.
1439 2509 1475 2547 V
1491 2513 1515 2547 ¹7
1535 2521 1611 2557 sqq.
