1716 2742
30 835 67 864 10

33 1148 68 1178 1⁶

37 1781 74 1809 25

1 2096 79 2124 ’δῦ

550 120 939 172 ‘EPISTULARUM
967 136 1026 170 96.
1424 132 1515 178 309

87 254 239 313 plures
272 267 433 310 annos,
465 267 558 296 non
582 265 715 295 nemo
743 250 878 294 etiam
906 251 1009 292 ante
1035 248 1210 308 viginti.
1243 247 1311 292 Hi
1339 262 1518 305 quoque

89 330 244 362 omnes
278 318 323 360 et
354 315 597 374 imaginem
629 316 753 357 tuam
793 312 1068 368 deorumque
1111 311 1351 355 simulacra
1389 324 1519 354 vene·

87 379 176 424 rati
208 381 315 424 sunt
346 381 392 423 et
424 376 602 422 Christo
630 376 746 420 male
773 375 994 419 dixerunt.
1028 373 1343 418 Adfirmabant
1369 375 1518 417 autem

88 441 206 487 hanc
237 441 376 486 fuisse
409 455 629 486 summam
662 439 735 483 vel
767 438 925 495 culpae
960 453 1064 481 suae
1098 438 1170 481 vel
1197 436 1371 494 erroris,
1399 435 1521 494 quod

90 506 239 550 essent
271 503 394 549 soliti
427 506 544 548 stato
579 502 649 546 die
683 503 786 546 ante
811 501 960 545 lucem
988 499 1226 544 convenire
1254 513 1521 556 carmenque

91 567 270 613 Christo
305 567 434 625 quasi
473 566 555 610 deo
596 565 742 610 dicere
782 579 933 609 secum
973 563 1165 608 invicem
1206 578 1341 621 seque
1380 577 1522 607 sacra-

90 633 244 676 mento
275 646 370 675 non
401 630 449 674 in
482 629 626 674 scelus
661 626 844 684 aliquod
872 627 1170 685 obstringere,
1205 626 1281 670 sed
1307 641 1363 670 ne
1389 625 1523 679 furta,

90 709 147 740 ne
178 692 435 750 latrocinia,
466 708 522 736 ne
556 691 775 736 adulteria
809 689 1160 746 committerent,
1194 705 1249 733 ne
1283 689 1415 733 fidem
1443 687 1524 731 fal-

89 757 252 815 lerent,
303 771 360 801 ne
412 755 665 813 depositum
712 753 927 811 appellati
979 753 1264 811 abnegarent.
1350 750 1523 805 Quibus

91 819 285 880 peractis
312 834 483 863 morem
510 817 597 863 sibi
624 815 878 861 discedendi
903 815 1042 860 fuisse
1068 830 1313 872 rursusque
1334 813 1525 859 coeundi

93 882 151 928 ad
182 882 450 941 capiendum
484 880 655 938 cibum,
680 879 987 938 promiscuum
1022 881 1174 922 tamen
1201 882 1245 922 et
1271 877 1526 934 innoxium3

94 945 216 1005 quod
247 945 397 1003 ipsum
436 944 581 988 facere
625 943 790 988 desisse
837 944 942 1001 post
985 941 1180 986 edictum
1225 956 1391 999 meum,
1431 954 1525 999 999,

93 1008 339 1054 secundum
371 1007 583 1052 mandata
614 1010 693 1051 tua
726 1005 946 1050 hetaerias
981 1020 1076 1049 esse
1117 1007 1358 1048 vetueram.
1425 1002 1524 1056 Quo

94 1087 237 1132 magis
281 1071 582 1116 necessarium
628 1069 796 1114 credidi
848 1084 903 1113 ex
950 1067 1122 1112 duabus
1175 1067 1367 1124 ancillis,
1414 1081 1527 1123 quae

94 1135 327 1180 ministrae
380 1134 665 1190 dicebantur,
718 1131 826 1190 quid
880 1134 994 1176 esset
1045 1131 1159 1188 veri,
1211 1133 1255 1174 et
1307 1145 1386 1188 per
1437 1131 1527 1173 tor-

94 1200 246 1243 menta
304 1212 527 1255 quaerere.
610 1195 741 1240 Nihil
792 1194 914 1238 aliud
966 1194 1117 1238 inveni
1176 1209 1311 1250 quam
1378 1208 1529 1250 super-

95 1261 326 1306 stitionem
382 1275 590 1318 pravam,
654 1258 939 1303 inmodicam.
1015 1256 1121 1301 Ideo
1181 1257 1320 1300 dilata
1378 1254 1530 1314 cogni-

94 1324 220 1369 tione
265 1324 321 1368 ad
367 1322 693 1368 consulendum
738 1324 783 1365 te
830 1321 1074 1365 decucurri.
1140 1319 1251 1364 Visa
1297 1321 1364 1363 est
1410 1318 1529 1363 enim

96 1387 210 1432 mihi
259 1402 330 1431 res
377 1386 514 1446 digna
553 1385 904 1441 consultatione,
949 1384 1144 1427 maxime
1187 1384 1373 1440 propter
1414 1381 1531 1439 peri-

98 1449 352 1495 clitantium
416 1464 665 1493 numerum.
763 1447 898 1491 Multi
962 1447 1081 1490 enim
1147 1445 1292 1490 omnis
1358 1444 1530 1502 aetatis,

98 1513 246 1561 omnis
305 1512 495 1570 ordinis,
551 1511 786 1568 utriusque
846 1525 975 1554 sexus
1029 1509 1164 1553 etiam
1211 1510 1433 1553 vocantur
1484 1507 1532 1550 in

97 1576 350 1636 periculum
402 1577 447 1620 et
498 1575 790 1619 vocabuntur.
864 1572 1024 1630 Neque
1077 1572 1281 1616 civitates
1339 1573 1532 1627 tantum,

99 1639 176 1685 sed
215 1639 340 1684 vicos
380 1638 515 1683 etiam
555 1640 688 1695 atque
732 1652 863 1696 agros
898 1635 1230 1693 superstitionis
1264 1634 1394 1678 istius
1429 1648 1532 1678 con-

98 1702 223 1763 tagio
275 1703 519 1761 pervagata
572 1703 654 1758 est3
712 1715 826 1757 quae
884 1698 1062 1743 videtur
1119 1698 1219 1742 sisti
1277 1700 1321 1741 et
1367 1696 1533 1755 corrigi

100 1779 244 1825 posse.
297 1764 426 1809 Certe
464 1763 571 1808 satis
609 1765 785 1808 constat
819 1777 962 1820 prope
997 1762 1087 1805 iam
1128 1761 1328 1805 desolata
1363 1760 1534 1817 templa

101 1828 302 1887 coepisse
348 1827 582 1885 celebrari,
629 1829 673 1870 et
718 1841 844 1870 sacra
890 1825 1125 1870 sollemnia
1159 1824 1236 1868 diu
1279 1823 1535 1867 intermissa

101 1892 243 1950 repeti
294 1893 564 1950 pastumque
623 1889 774 1933 venire
837 1887 1143 1945 victimarum,
1201 1886 1328 1931 cuius
1388 1886 1534 1930 adhuc

101 1954 356 1999 rarissimus
409 1956 586 2011 emptor
631 1952 955 1996 inveniebatur.
1026 1950 1098 1994 Ex
1151 1965 1240 2008 quo
1287 1949 1419 1994 facile
1466 1950 1534 1993 est

103 2017 292 2076 opinari,
331 2032 445 2075 quae
483 2016 616 2060 turba
653 2014 889 2059 hominum
929 2014 1155 2058 emendari
1194 2012 1357 2071 possit,
1398 2012 1436 2056 si
1476 2011 1536 2055 sit

104 2080 406 2140 paenitentiae
442 2080 581 2124 locus.

206 2233 226 2266 1
260 2227 405 2276 viginti
431 2239 597 2275 quoque.
652 2226 796 2264 Omnes
829 2227 869 2263 et
901 2227 993 2272 Aa,
1023 2226 1074 2263 K.
1091 2227 1136 2271 1,·
1171 2224 1315 2272 viginti
1350 2224 1535 2271 quinque.

105 2279 249 2317 Omnes
263 2279 332 2327 qui
345 2279 636 2322 Rittershusius,
658 2278 786 2315 Hard.
809 2277 888 2325 (sed
904 2278 966 2314 hic
981 2278 1021 2313 et
1040 2288 1110 2324 pro
1124 2276 1226 2323 qui);
1240 2275 1393 2322 viginti.
1423 2274 1537 2324 (Hi)

107 2341 263 2378 quoque
291 2341 425 2366 omnes
447 2330 487 2365 et
508 2329 560 2365 K.
576 2330 636 2374 II,
664 2327 873 2376 Liyhtfoot,
895 2328 1032 2372 Merr„
1054 2327 1191 2364 Muell.
1296 2329 1343 2362 10
1370 2324 1538 2362 coeundi

106 2392 178 2419 om.
205 2381 257 2426 A,
285 2381 338 2417 K.
353 2381 387 2416 Ι.
504 2382 551 2416 16
579 2389 778 2426 quaerere.
820 2377 897 2414 Sed
923 2377 1022 2414 nihi]
1052 2390 1087 2414 a.
1205 2380 1251 2412 22
1278 2387 1406 2422 neque
1434 2376 1539 2412 enim

107 2431 180 2469 civ.
202 2444 237 2469 a.
341 2434 389 2466 24
417 2429 562 2476 corripi
585 2429 750 2466 Gronov.
855 2432 900 2465 27
928 2428 1155 2475 passimque
1181 2426 1315 2463 venire
1341 2426 1534 2471 victimas,

108 2493 274 2529 quarum
301 2493 338 2526 a,
373 2480 524 2525 Μυκη,
559 2481 798 2527 pastumque
836 2479 1047 2526 (passumq.
1076 2479 1129 2525 A)
1164 2488 1248 2514 ven.
1276 2476 1539 2522 victimarum,

109 2531 222 2569 cuius
248 2532 356 2577 BA,
384 2530 580 2575 Beroald.‚
609 2531 675 2575 K„
703 2529 845 2575 Hard.‚
874 2530 992 2566 Merr.

1562 1769 1608 1803 10
