1716 2742
542 125 905 164 EPISTULARUM
932 130 1091 164 77—81
1438 127 1527 174 301

103 242 437 316 magistratum,
467 241 625 314 possit
657 258 683 285 a
715 241 975 286 censoribus
1008 241 1056 286 in
1089 243 1292 286 senatum
1324 241 1434 301 legi,
1474 244 1531 300 et,

105 306 145 353 si
174 307 344 366 potest,
377 321 435 350 an
464 305 498 349 ii
524 320 721 364 quoque,
756 305 833 363 qui
859 320 952 349 non
979 305 1217 364 gesserint,
1249 305 1426 363 possint
1451 320 1533 363 per

104 369 288 415 eandem
331 368 746 427 interpretationem
791 367 847 411 ab
887 384 939 412 ea
980 370 1124 413 aetate
1167 371 1395 412 senatores
1427 368 1530 427 legi,

104 448 132 478 a
170 447 259 490 qua
297 432 388 476 11115
427 431 740 491 magistratum
781 446 934 488 gerere
973 431 1241 489 permissum
1281 434 1366 489 est3
1409 431 1531 489 quod

61 510 79 540 s
105 495 275 553 alioqui
316 494 571 539 factitatum
611 493 757 538 adhuc
796 496 841 538 et
880 508 975 538 esse
1015 494 1315 539 necessarium
1355 494 1532 552 dicitur,

105 558 211 617 quia
236 557 297 602 sit
332 557 566 615 aliquanto
598 556 758 601 melius
784 556 1075 601 honestorum
1103 557 1340 602 hominum
1365 557 1532 602 liberos

27 677 30 681 ⁵
105 636 240 680 quam
274 636 299 665 e
346 620 477 680 plebe
519 620 567 664 in
610 620 780 664 curiam
824 619 1013 663 admitti.
1078 619 1178 678 Ego
1225 636 1251 663 a
1296 619 1530 664 destinatis

104 683 385 741 censoribus,
436 682 543 742 quid
590 682 819 740 sentirem,
865 682 1168 741 interrogatus
1215 698 1291 727 eos
1338 682 1533 740 quidem,

105 747 185 806 qui
216 747 412 791 minores
444 746 634 805 triginta
660 746 788 789 annis
816 745 1060 805 gessissent
1085 745 1420 805 magistratum,
1452 761 1532 804 pu-

42 826 79 854 1⁰
103 809 256 855 tabam
289 824 422 868 posse
453 809 503 853 in
535 811 739 853 senatum
766 810 811 852 et
838 809 1080 854 secundum
1111 809 1308 853 edictum
1334 807 1533 868 Augusti

104 875 150 918 et
180 872 427 918 secundum
458 872 606 931 legem
625 871 888 930 Pompeiam
920 871 1030 931 legi,
1065 872 1278 929 quoniam
1297 870 1531 931 Augustus

104 951 258 996 gerere
283 935 574 995 magistratus
601 934 851 979 minoribus
878 935 1007 978 annis
1035 935 1224 994 triginta
1243 934 1533 992 permisisset,

101 999 179 1044 lex
197 1002 450 1044 senatorem
476 1014 571 1043 esse
592 997 830 1055 voluisset,
863 997 941 1056 qui
967 998 1179 1057 gessisset
1205 998 1531 1056 magistratum.

104 1061 173 1107 De
194 1062 250 1106 iis
273 1064 445 1119 autem,
471 1061 550 1120 qui
571 1076 663 1105 non
687 1061 948 1120 gessissent,
976 1061 1181 1119 quamvis
1204 1063 1351 1104 essent
1373 1060 1532 1105 aetatis

43 1140 78 1169 15
105 1125 302 1170 eiusdem
337 1125 465 1169 cuius
498 1124 587 1181 1111,
619 1123 782 1182 quibus
809 1138 962 1183 gerere
989 1123 1256 1182 permissum
1283 1126 1362 1181 est,
1389 1123 1532 1168 haesi-

102 1188 273 1246 tabam3
294 1203 376 1246 per
392 1187 513 1245 quod
536 1187 743 1231 effectum
767 1190 848 1244 est,
869 1189 922 1231 ut
943 1189 1001 1244 te,
1023 1187 1218 1244 domine,
1241 1187 1532 1244 consulerem,

104 1251 214 1309 quid
235 1250 463 1296 observari
483 1251 633 1294 velles.
677 1248 836 1308 Capita
852 1249 966 1309 legis
973 1285 984 1307 ,
1007 1252 1104 1294 tum
1122 1250 1317 1294 edictum
1335 1248 1532 1309 Augusti

101 1314 266 1359 litteris
298 1313 478 1358 subieci.

586 1379 749 1419 LXXX.
784 1377 1047 1432 [LXXXIV]

42 1468 79 1495 2⁰
582 1456 836 1491 TRAIANUS
863 1456 1054 1491 PLINIO.

198 1526 565 1586 Interpretationi
606 1529 729 1584 tuae,
781 1526 845 1571 mi
879 1525 1083 1571 Secunde
1123 1526 1368 1583 carissime,
1414 1525 1532 1570 idem

105 1590 314 1635 existimo
359 1590 576 1635 hactenus
620 1589 766 1634 edicto
810 1589 903 1633 divi
941 1589 1140 1649 Augusti
1181 1592 1393 1634 novatam
1435 1603 1532 1634 esse

102 1654 249 1714 legem
284 1652 566 1712 Pompeiam,
598 1655 650 1697 ut
683 1652 998 1712 magistratum
1026 1653 1207 1710 quidem
1241 1667 1397 1710 capere
1430 1666 1533 1710 pos-

105 1719 205 1762 sent
245 1716 299 1775 ii,
340 1717 419 1774 qui
459 1732 553 1761 non
595 1716 791 1760 minores
824 1715 955 1760 XXV
997 1731 1217 1760 annorum
1263 1718 1430 1772 essent,
1476 1717 1533 1772 et,

42 1794 79 1823 25
106 1779 184 1838 qui
208 1779 451 1838 cepissent,
474 1779 523 1823 in
550 1781 752 1824 senatum
778 1779 994 1837 cuiusque
1017 1778 1212 1823 civitatis
1235 1778 1532 1836 pervenirent.

107 1842 314 1887 Ceterum
336 1858 429 1887 non
453 1845 586 1900 capto
607 1842 875 1901 magistratu
895 1857 989 1899 eos,
1018 1842 1097 1900 qui
1122 1842 1317 1886 minores
1345 1841 1533 1900 triginta

105 1921 324 1950 annorum
371 1905 479 1963 sint,
527 1905 633 1962 quia
678 1905 993 1964 magistratum
1039 1920 1197 1962 capere
1242 1904 1439 1963 possint,
1484 1903 1533 1947 in

105 1968 276 2014 curiam
316 1968 452 2013 etiam
493 1968 583 2012 loci
623 1967 838 2026 cuiusque
876 1983 969 2012 non
1009 1967 1216 2012 existimo
1255 1967 1347 2026 legi
1386 1981 1531 2024 posse.

586 2072 770 2112 LXXXI.
807 2070 1047 2125 [LXXXV]

26 2160 80 2187 ,30
376 2148 419 2183 C.
441 2149 647 2184 PLINIUS
675 2149 899 2184 TRAIANO
928 2148 1261 2183 IMPERATORI.

201 2218 313 2264 Cum
346 2218 513 2264 Prusae
547 2219 602 2263 ad
636 2217 900 2278 Olympum,
935 2219 1134 2276 domine,
1170 2218 1362 2276 publicis
1395 2233 1531 2277 nego-

103 2283 180 2327 tiis
237 2283 357 2327 intra
413 2282 662 2340 hospitium
715 2283 871 2327 eodem
925 2282 995 2326 die
1054 2282 1253 2325 exiturus
1312 2295 1533 2339 vacarem,

206 2385 225 2417 1
254 2381 511 2428 magistratus
538 2381 588 2427 A,
615 2381 718 2427 KI,
745 2381 872 2418 Hard.
1003 2385 1024 2417 2
1053 2391 1103 2416 an
1131 2391 1178 2416 ex
1204 2379 1254 2416 iis
1281 2379 1349 2426 qui
1376 2390 1532 2426 quoque

104 2444 142 2468 n.
162 2443 200 2479 g.
220 2431 347 2479 possit
373 2431 461 2478 quis
487 2442 559 2478 per
584 2443 619 2468 a.
724 2434 745 2467 3
774 2433 933 2468 senator
959 2431 1044 2468 Aa.
1148 2433 1192 2466 21
1221 2429 1328 2466 idem
1356 2441 1414 2466 ex.
1435 2430 1529 2475 Ba,

106 2482 203 2528 Cat„
227 2482 274 2518 ut
301 2493 359 2518 ex.
386 2483 435 2519 A.
571 2485 619 2518 24
644 2480 753 2518 XXII
779 2482 892 2529 vuly„
915 2480 949 2516 V
975 2480 1179 2528 Nipperd.,
1203 2479 1311 2515 XXV
1339 2480 1462 2517 Merr.
1488 2484 1533 2516 ut

99 2543 143 2580 p.
163 2534 250 2578 300,
276 2534 338 2570 26.
442 2535 488 2569 25
517 2530 763 2579 accepissent
790 2544 825 2568 a.
