1716 2742
172 111 263 156 396
607 148 610 152 Δ
786 109 824 147 0.
852 110 990 147 PLINI

121 238 142 271 5
169 240 262 268 non
295 224 456 268 oderit:
490 225 649 282 amari,
681 225 768 269 nisi
801 226 897 282 ipse
931 229 1069 284 amet,
1101 242 1192 270 non
1226 230 1387 285 potest.
1434 227 1599 287 Diligis

171 301 298 346 ergo,
331 302 432 331 cum
466 287 687 346 diligaris,
722 290 767 332 et
799 288 847 332 in
873 304 944 345 eo,
979 289 1100 346 quod
1126 290 1355 348 utrimque
1380 291 1600 336 honestis-

169 350 333 393 simum
376 352 461 407 est,
506 352 604 394 tota
646 350 792 409 gloria
832 353 912 396 tua
954 355 1040 410 est3
1087 352 1165 410 qui
1207 353 1413 411 superior
1453 353 1600 398 factus

169 412 400 457 descendis
433 413 482 456 in
515 413 667 457 omnia
697 413 1018 459 familiaritatis
1053 415 1204 460 officia
1243 418 1288 460 et
1325 416 1374 460 in
1405 416 1600 461 amicum

169 490 224 519 ex
256 475 527 534 imperatore
561 476 839 521 submitteris
848 512 861 535 ,
898 477 1037 522 immo
1077 481 1187 523 tunc
1226 479 1420 524 maxime
1459 479 1599 538 impe-

120 552 140 583 6
167 540 310 596 rator,
343 554 446 583 cum
479 539 675 583 amicum
709 540 818 599 agis.
882 539 1088 599 Etenim,
1121 556 1223 586 cum
1251 541 1458 600 plurimis
1492 542 1600 587 ami-

168 600 286 645 citiis
318 601 501 646 fortuna
532 601 789 661 principum
814 603 1035 663 indigeat,
1066 604 1360 663 praecipuum
1387 607 1456 650 est
1480 605 1600 664 prin-

119 677 138 709 7
167 663 281 722 cipis
322 679 435 722 opus
476 665 644 710 amicos
683 681 853 724 parare.
933 666 1114 712 Placeat
1152 666 1239 712 tibi
1277 683 1453 727 semper
1490 668 1601 713 haec

168 729 308 784 secta,
341 730 386 772 et
419 742 521 773 cum
554 728 751 787 reliquas
778 729 967 775 virtutes
994 732 1095 775 tuas
1122 732 1220 775 tum
1247 731 1365 776 hanc
1391 733 1600 776 constan-

166 789 338 835 tissime
370 793 544 849 teneas,
581 806 664 836 nec
697 807 913 850 umquam
946 792 1030 837 tibi
1069 793 1393 852 persuadeatur
1429 793 1600 839 humile

167 868 262 898 esse
294 853 490 912 principi
522 854 610 899 nisi
643 855 801 900 odisse.
867 854 1246 901 Iucundissimum
1286 859 1354 902 est
1386 857 1434 901 in
1466 857 1600 902 rebus

116 929 138 962 8
165 916 374 961 humanis
402 917 555 975 3111311,
582 918 659 962 sed
686 933 779 963 non
805 919 954 964 minus
981 935 1141 964 amare.
1177 919 1380 973 Quorum
1406 923 1601 978 utroque

166 979 230 1023 ita
268 979 451 1038 frueris,
489 983 557 1038 ut,
601 996 704 1026 cum
743 981 841 1040 ipse
884 981 1194 1027 ardentissime
1234 983 1414 1043 diligas,
1454 983 1602 1029 adhuc

165 1047 317 1087 tamen
361 1043 589 1089 ardentius
637 1043 857 1104 diligaris,
913 1045 1111 1104 primum
1157 1046 1264 1104 quia
1308 1046 1487 1091 facilius
1533 1049 1601 1092 est

166 1121 304 1150 unum
334 1121 482 1151 amare
510 1121 644 1164 quam
672 1108 853 1164 multos,
880 1108 1041 1153 deinde
1068 1109 1175 1167 quia
1200 1109 1286 1154 tibi
1306 1109 1475 1155 amicos
1494 1112 1599 1155 tuos

166 1168 399 1228 obligandi
431 1172 558 1214 tanta
597 1170 788 1215 facultas
822 1170 958 1230 inest,
999 1174 1052 1216 ut
1082 1188 1216 1217 nemo
1256 1175 1300 1217 te
1334 1173 1481 1231 possit
1511 1173 1600 1217 nisi

88 1229 149 1278 86
164 1231 369 1291 ingratus
395 1248 490 1277 non
515 1234 659 1293 magis
687 1249 847 1278 amare.
907 1233 1079 1293 Operae
1106 1235 1302 1294 pretium
1329 1238 1397 1280 est
1421 1235 1601 1295 referre,

165 1294 286 1353 quod
319 1298 595 1340 tormentum
617 1296 700 1341 tibi
721 1297 991 1355 iniunxeris,
1022 1314 1078 1342 ne
1100 1298 1209 1356 quid
1230 1299 1375 1344 amico
1396 1314 1597 1359 negares.

163 1357 388 1403 Dimisisti
429 1359 653 1417 optimum
693 1360 841 1404 virum
879 1360 1054 1419 tibique
1101 1362 1383 1407 carissimum
1429 1362 1598 1407 invitus

164 1424 209 1465 et
219 1421 374 1480 tristis,
397 1424 441 1466 et
456 1422 584 1481 quasi
597 1423 788 1467 retinere
802 1438 895 1468 non
909 1439 1077 1482 posses,
1099 1427 1410 1484 quantumque
1424 1441 1597 1470 amares

164 1500 280 1543 eum,
307 1484 526 1530 desiderio
548 1489 758 1544 expertus
787 1501 832 1531 es
854 1487 1095 1532 distractus
1117 1491 1459 1547 separatusque,
1484 1486 1599 1534 ¹dum

113 1560 134 1593 2
163 1548 282 1592 cedis
311 1550 356 1592 et
382 1548 587 1594 vinceris.
614 1549 701 1605 Ita,
732 1549 854 1607 quod
880 1550 1017 1595 fando
1045 1551 1319 1610 inauditum,
1346 1566 1450 1596 cum
1477 1551 1598 1611 prin-

163 1626 266 1669 ceps
301 1614 346 1656 et
371 1612 589 1671 principis
617 1612 787 1658 amicus
815 1613 991 1658 diversa
1022 1614 1217 1672 velletis,
1251 1614 1297 1659 id
1323 1615 1476 1673 potius
1509 1614 1598 1660 fac-

161 1676 258 1718 tum
293 1676 379 1732 est,
420 1675 540 1733 quod
574 1675 744 1720 amicus
771 1676 964 1721 volebat.
1031 1675 1067 1721 O
1102 1693 1197 1722 rem
1232 1678 1492 1737 memoriae,
1525 1678 1598 1722 lit-

161 1736 269 1781 teris
323 1738 622 1783 mandandam
675 1739 952 1798 praefectum
1001 1740 1228 1798 praetorio
1280 1756 1374 1785 non
1426 1757 1482 1786 ex
1531 1741 1598 1786 in-

163 1800 423 1859 gerentibus
467 1817 536 1859 se,
585 1802 662 1847 sed
697 1818 752 1847 ex
792 1803 1161 1848 subtrahentibus
1200 1805 1348 1864 legere
1389 1804 1599 1850 eundem'-

163 1878 249 1921 que
283 1864 398 1922 otio,
432 1865 553 1922 quod
580 1865 871 1924 pertinaciter
897 1869 1039 1924 amet,
1070 1867 1275 1926 reddere,
1309 1882 1503 1926 cumque
1536 1868 1597 1912 sis

161 1926 257 1984 ipse
279 1926 500 1973 distentus
521 1927 701 1986 imperii
723 1929 856 1987 curis,
874 1945 967 1974 non
988 1929 1151 1988 quietis
1172 1930 1364 1990 gloriam
1386 1931 1597 1989 cuiquam

112 2002 133 2034 3
162 1989 380 2035 invidere!
433 1989 763 2052 Intellegimus,
798 1991 976 2051 Caesar,
1012 1996 1232 2051 quantum
1259 1993 1345 2038 tibi
1365 2009 1448 2053 pro
1474 1994 1598 2039 labo-

262 2105 284 2138 5
299 2114 400 2140 max.
421 2102 763 2154 imperator<em>
781 2105 833 2141 K.
849 2105 909 2150 II,
931 2105 1089 2151 Baehr„
1110 2105 1325 2153 imperator
1339 2104 1442 2156 <es>
1462 2106 1594 2143 Livin.

163 2155 183 2187 9
212 2152 383 2199 reliquas
411 2153 462 2200 R,
490 2154 544 2191 K.
558 2155 610 2191 ΙΙ
639 2155 739 2201 (ind.
763 2166 804 2202 p.
827 2155 948 2202 XII),
983 2156 1140 2202 Baehr„
1175 2156 1328 2202 Muell„
1365 2155 1466 2193 alias
1492 2156 1594 2204 ναῖς).

164 2205 209 2239 10
235 2202 312 2239 tibi
340 2203 429 2240 add.
451 2216 555 2241 unus
582 2205 632 2242 R.
738 2209 783 2241 16
810 2206 839 2242 t.
862 2204 936 2242 fac.
960 2205 1065 2242 inest
1092 2207 1142 2252 R,
1169 2206 1355 2252 Schnelle,
1380 2219 1414 2244 v.
1437 2207 1491 2244 K.
1513 2207 1594 2244 ind.

163 2253 324 2291 Halens.
341 2265 381 2301 p.
397 2254 467 2292 IX
485 2259 519 2292 et
538 2254 681 2293 δαεῖεν.
704 2256 792 2293 Riv.
815 2256 859 2293 di
876 2256 968 2302 filol.
991 2256 1129 2294 XVII
1143 2259 1230 2303 541,
1252 2257 1366 2294 adest
1385 2256 1460 2294 fac.
1480 2257 1597 2294 tanta

162 2304 260 2350 (tua)
290 2305 391 2353 vuly.
533 2308 580 2342 20
609 2307 881 2353 quantumque
909 2307 959 2352 R,
987 2307 1144 2353 Baehr„
1179 2308 1371 2354 quantum
1397 2307 1512 2356 vulq„
1545 2307 1594 2353 cf.

164 2353 213 2390 K.
229 2354 310 2391 ind.
322 2366 361 2401 p.
382 2356 459 2392 IX.
540 2359 587 2392 24
607 2355 734 2393 literis
750 2357 800 2402 R,
821 2356 1047 2404 litterisque
1067 2358 1182 2406 vuly„
1203 2359 1252 2405 cf.
1268 2358 1403 2396 Kraut
1420 2369 1462 2405 p.
1478 2360 1593 2406 44⁸4·

162 2407 208 2439 28
237 2405 381 2451 quietis
409 2406 582 2454 gratiam
608 2407 807 2444 maluisset
833 2406 1035 2453 Schwarz„
1062 2419 1133 2445 scr.
1156 2409 1313 2455 Baehr„
1339 2408 1404 2446 sed
1429 2420 1463 2445 v.
1484 2408 1596 2455 infra

155 2465 197 2501 p.
224 2457 312 2501 397,
340 2459 399 2502 17,
433 2455 561 2503 gloria
594 2456 651 2494 B'
662 2457 715 2494 M
720 2456 742 2503 ',
776 2458 887 2494 Keili
913 2458 950 2504 d,
985 2458 1037 2494 K.
1059 2459 1119 2504 II,
1161 2458 1329 2506 gloriam
1361 2459 1442 2496 rell.
1472 2459 1595 2506 codd„

161 2508 324 2542 ceterum
350 2517 384 2542 v.
406 2506 458 2543 ad
479 2518 521 2554 p.
542 2509 604 2554 57,
630 2511 691 2554 11,
719 2508 768 2554 cf.
792 2508 844 2545 K.
868 2508 966 2555 disp.
990 2509 1039 2546 H
1052 2511 1087 2545 6.

1628 809 1664 836 10

1629 1123 1663 1152 15

1625 1439 1663 1467 20

1624 1755 1660 1783 25
