1716 2742
201 149 291 195 326
646 118 650 121 ’
812 144 850 183 c.
878 146 1016 183 mm

197 265 345 308 rector
377 261 725 319 emendatorque
759 261 1062 320 contingeres,
1105 260 1338 306 inductum
1380 262 1624 319 pessimum

197 326 470 383 exemplum,
502 327 554 368 ut
586 324 807 382 optimum
842 326 1160 382 opponeretur,
1188 326 1417 382 postremo
1443 327 1624 370 coactus

197 389 405 447 princeps
413 421 425 445 ,
459 402 571 445 quos
605 387 808 445 nolebat,
847 387 1070 445 occidere,
1109 389 1161 430 ut
1200 387 1325 431 daret
1363 387 1625 446 principem,

147 463 168 497 3
197 451 274 509 qui
308 451 410 510 cogi
449 465 541 494 non
579 452 742 523 pto.sset
810 448 930 494 Olim
971 452 1022 494 tu
1066 449 1246 507 quidem
1289 449 1494 521 adoptari
1535 467 1624 496 me-

195 514 369 564 rebare:
398 514 474 558 sed
494 514 805 571 nescissemus,
826 515 1044 571 quantum
1065 513 1149 556 tibi
1171 512 1385 557 deberet
1372 514 1626 572 lmperium,
1652 530 1668 557 ⁶

195 577 234 620 si
268 566 371 621 ante
405 576 644 634 adoptatus
678 590 808 621 esses.
873 575 1175 634 Expectatum
1209 577 1278 619 est
1309 577 1498 634 tempus,
1533 592 1623 634 quo

193 640 386 697 liqueret
412 654 504 683 non
530 642 623 683 tam
651 639 875 697 accepisse
901 641 945 683 te
973 638 1240 683 beneficium
1275 653 1409 696 quam
1440 638 1624 684 dedisse.

195 701 412 762 Confugit
443 701 491 746 in
536 703 684 746 sinum
725 704 854 746 tuum
895 716 1112 746 concussa
1143 716 1214 745 res
1246 701 1445 759 publica,
1490 717 1623 747 ruens

192 765 431 823 imperium
485 780 618 823 super
668 765 984 823 imperatorem
1046 763 1328 822 imperatoris
1378 764 1462 809 tibi
1513 780 1623 810 voce

142 841 165 873 4
193 829 391 873 delatum
425 831 503 873 est.
567 827 840 886 Imploratus
882 827 1125 886 adoptione
1165 830 1211 872 et
1253 826 1421 871 accitus
1465 842 1531 886 es,
1571 830 1686 875 ut1o

192 892 301 936 olim
341 892 474 937 duces
515 891 669 951 magni
709 906 735 935 a
777 891 1024 950 peregrinis
1068 890 1353 948 externisque
1393 890 1524 934 bellis
1567 891 1622 935 ad

192 970 323 1012 opem
355 955 527 1012 patriae
560 954 788 999 ferendam
820 954 1022 998 revocari
1055 953 1271 998 solebant.
1313 951 1384 997 Ita
1415 953 1537 998 filius
1571 969 1623 999 ac

190 1033 350 1076 parens
383 1033 474 1062 uno
509 1017 766 1075 eodemque
789 1019 1017 1061 momento
1044 1032 1139 1060 rem
1166 1016 1407 1060 maximam
1429 1015 1622 1061 invicem

189 1080 497 1139 praestitistis:
531 1081 607 1125 ille
639 1081 723 1125 tibi
755 1080 995 1138 imperium
1028 1079 1168 1139 dedit,
1200 1081 1251 1123 tu
1283 1078 1351 1123 illi
1376 1078 1622 1124 reddidisti.

141 1155 162 1188 5
191 1142 324 1188 Solus
359 1158 466 1203 ergo
500 1144 554 1188 ad
588 1143 675 1188 hoc
708 1144 806 1187 aevi
838 1158 921 1201 pro
956 1158 1138 1187 munere
1177 1144 1304 1187 tanto
1344 1141 1471 1200 paria
1509 1142 1620 1188 acci—
1648 1161 1683 1189 15

188 1207 353 1264 piendo
387 1206 551 1265 fecisti,
585 1206 724 1251 immo
757 1207 878 1250 ultro
908 1206 1086 1250 dantem
1115 1205 1348 1265 obligasti3
1374 1205 1621 1250 communi-

189 1272 289 1314 cato
317 1270 437 1314 enim
463 1270 653 1327 imperio
682 1269 920 1314 sollicitior
945 1271 1014 1327 tu,
1040 1269 1117 1313 ille
1145 1268 1343 1313 securior
1368 1268 1513 1313 factus
1541 1271 1620 1313 est.

132 1331 160 1377 ’7
283 1331 320 1377 Ο
340 1348 509 1377 novum
531 1335 666 1390 atque
685 1332 938 1376 inauditum
966 1332 1022 1376 ad
1048 1331 1351 1390 principatum
1378 1330 1481 1376 iter!
1513 1330 1622 1376 Non

187 1398 232 1440 te
265 1396 450 1454 propria
483 1396 726 1454 cupiditas,
758 1395 968 1453 proprius
1001 1397 1170 1452 metus,
1204 1394 1281 1439 sed
1321 1394 1467 1438 aliena
1499 1394 1620 1439 utili-

137 1470 158 1503 2
187 1461 275 1517 tae,
302 1459 473 1503 alienus
500 1459 638 1503 timor
663 1458 912 1516 principem
939 1457 1059 1502 fecit.
1123 1456 1329 1501 Videaris
1352 1457 1472 1515 licet,
1498 1457 1620 1515 quod
1647 1477 1683 1504 πο

187 1524 255 1566 est
300 1522 649 1580 amplissimum,
695 1523 960 1566 consecutus
1006 1521 1123 1564 inter
1167 1519 1392 1578 homines,
1443 1519 1618 1565 felicius

186 1587 339 1629 tamen
379 1587 474 1629 erat
511 1585 644 1642 illud,
682 1584 802 1642 quod
848 1583 1092 1642 reliquisti:
1131 1583 1214 1628 sub
1255 1583 1374 1628 bono
1415 1582 1618 1642 principe

137 1660 158 1692 3
186 1648 387 1707 privatus
422 1662 517 1693 esse
551 1647 715 1692 desisti.
790 1646 1071 1705 Adsumptus
1115 1661 1161 1691 es
1203 1646 1251 1690 in
1291 1645 1500 1690 laborum
1545 1661 1619 1692 cu-

184 1726 425 1769 rarumque
452 1710 750 1768 consortium,
775 1725 858 1755 nec
884 1712 928 1754 te
955 1725 1170 1768 prospera
1197 1711 1241 1754 et
1265 1709 1385 1753 laeta
1410 1708 1617 1754 stationis

185 1774 335 1832 istius,
369 1773 445 1818 sed
479 1789 636 1832 aspera
674 1776 719 1818 et
758 1773 868 1817 dura
908 1773 963 1817 ad
1003 1772 1320 1830 capessendam
1361 1787 1459 1816 eam
1498 1787 1618 1818 com·
1644 1791 1680 1819 2⁶

184 1838 416 1895 pulerunt:
443 1835 679 1895 suscepisti
704 1836 963 1894 imperium,
988 1838 1230 1894 postquam
1257 1834 1395 1879 alium
1420 1835 1618 1893 suscepti

135 1912 158 1944 4
184 1900 451 1958 paenitebat.
529 1898 669 1944 Nulla
714 1899 917 1957 adoptati
963 1914 1066 1944 cum
1112 1914 1184 1956 eo,
1230 1897 1306 1956 qui
1360 1898 1617 1957 adoptabat,

185 1963 415 2022 cognatio,
448 1963 574 2006 nulla
605 1962 911 2020 necessitudo,
938 1962 1026 2006 nisi
1054 1961 1173 2019 quod
1201 1966 1389 2019 uterque
1417 1961 1615 2020 optimus

185 2029 298 2084 erat,
326 2026 579 2085 dignusque
607 2026 719 2070 alter
746 2025 872 2084 eligi,
893 2025 1005 2069 alter
1032 2025 1206 2084 eligere.
1254 2023 1412 2082 Itaque
1433 2024 1615 2082 adopta-

183 2092 257 2133 tus
291 2104 336 2133 es
363 2104 456 2134 non
482 2093 535 2133 ut
560 2089 684 2147 prius
712 2088 826 2132 alius
854 2091 988 2146 atque
1016 2088 1131 2132 alius
1157 2088 1205 2131 in
1232 2087 1423 2147 gratiam
1449 2087 1613 2132 uxoris.
1642 2106 1678 2134 so

184 2151 390 2197 Adscivit
435 2152 554 2196 enim
599 2154 644 2196 te
689 2151 835 2195 filium
881 2166 973 2195 non
1018 2151 1226 2208 vitricus,
1271 2150 1348 2194 sed
1393 2149 1615 2208 princeps,

185 2215 429 2273 eodemque
472 2214 621 2258 animo
666 2214 795 2258 divus
837 2213 990 2258 Nerva
1031 2216 1159 2271 pater
1199 2217 1304 2258 tuus
1346 2213 1491 2258 factus
1534 2215 1614 2271 est,

138 2288 159 2320 5
187 2292 275 2334 quo
309 2281 404 2322 erat
437 2277 650 2322 omnium.
716 2276 812 2322 Nec
846 2277 973 2322 decet
1006 2277 1136 2321 aliter
1168 2276 1312 2320 filium
1347 2276 1543 2333 adsumi,
1575 2276 1614 2320 si

184 2341 443 2385 adsumatur
476 2357 501 2384 a
541 2339 755 2399 principe.
821 2338 894 2384 An
935 2342 1139 2384 senatum
1178 2339 1486 2398 populumque
1524 2337 1613 2382 Ro-

283 2492 305 2526 8
333 2501 448 2526 ruens
474 2490 504 2527 O
520 2490 622 2527 Wet
645 2490 754 2527 Keili
780 2489 902 2535 Acd,
931 2489 997 2535 K„
1024 2499 1218 2535 ruensque
1245 2492 1327 2525 cett.
1433 2490 1478 2524 21
1508 2487 1613 2524 inter

182 2540 285 2576 hom.
308 2551 456 2576 consec.
481 2540 581 2577 Sust.
604 2552 651 2577 ex
676 2551 745 2577 suo
772 2540 994 2588 apoyrapho
1024 2539 1065 2577 U.
