1630 2678
84 307 127 341 19

81 551 128 584 20

80 794 123 826 21

79 916 124 947 22

105 1377 150 1437 ιτ

157 124 242 168 158
546 135 549 137 ·
748 118 786 155 c.
806 117 942 154 PLINI

153 248 338 290 rumque
369 231 653 289 praenuntius
687 230 795 274 odor
826 229 1018 286 sulpuris
1051 229 1160 274 alios
1192 229 1240 273 in
1270 229 1424 288 fugam
1443 244 1550 274 ‘ver-

153 297 272 350 tunt,
303 293 493 337 excitant
523 292 661 335 illum.
724 290 907 334 Innixus
941 290 1126 335 servulis
1152 290 1325 335 duobus
1351 291 1548 335 adsurre-

154 356 220 399 xit
258 358 301 398 et
339 354 485 397 statim
525 352 734 408 concidit,
785 354 836 395 ut
872 366 954 410 ego
994 351 1177 410 colligo,
1227 352 1440 396 crassiore
1479 366 1548 396 ca-

153 417 288 474 ligine
330 414 486 471 spiritu
524 414 749 457 obstructo
792 413 1029 468 clausoque
1071 412 1320 470 stomacho,
1363 413 1442 470 qui
1481 413 1549 457 illi

153 480 309 520 natura
334 474 550 518 invalidus
577 478 622 518 et
641 476 854 532 angustus
881 476 925 517 et
949 474 1202 530 frequenter
1225 474 1547 519 interaestuans
1573 491 1592 520 s

154 541 255 581 erat.
318 535 408 580 Ubi
452 535 542 579 dies
586 535 782 579 redditus
825 533 881 593 (is
923 534 977 578 ab
1022 550 1094 591 eo,
1138 550 1270 592 quem
1308 535 1548 580 novissime

153 598 337 653 viderat,
368 596 564 654 tertius),
595 611 755 653 corpus
789 596 1019 639 inventum
1050 596 1294 655 integrum,
1330 596 1547 642 inlaesum

152 661 457 715 opertumque,
489 660 540 701 ut
578 657 722 701 fuerat
759 657 962 700 indutus:
1002 657 1180 701 habitus
1219 657 1419 714 eorporis
1453 658 1549 714 qui·

153 719 315 763 escenti
348 734 478 775 quam
512 718 719 762 defuneto
752 718 950 762 similior.

235 779 415 823 Interim
437 779 595 823 Miseni
616 794 698 838 ego
719 782 764 823 et
783 782 933 823 mater.
986 778 1072 822 Sed
1097 778 1213 822 nihil
1231 778 1286 823 ad
1303 779 1550 836 historiam,
1575 798 1612 826 ιο

150 855 231 884 nec
262 844 311 883 tu
343 840 463 884 aliud
496 856 627 897 quam
660 841 713 884 de
739 841 861 883 exitu
887 841 980 884 eius
1007 840 1119 884 scire
1143 840 1338 885 voluisti.
1393 839 1550 884 Finem

151 916 255 959 ergo
287 902 457 946 faciam.
513 901 662 946 Unum
691 901 896 958 adiciam,
928 902 1076 945 omnia
1102 917 1191 958 me,
1224 901 1386 958 quibus
1418 901 1550 946 inter-

150 963 333 1019 fueram,
358 977 557 1019 quaeque
577 963 742 1019 statim,
767 977 867 1006 eum
893 963 1082 1006 maxime
1108 978 1212 1007 vera
1237 965 1551 1020 memorantur,

151 1023 392 1079 audieram,
432 1027 721 1080 persecutum.
785 1023 853 1067 Tu
893 1024 1127 1081 potissima
1164 1036 1388 1082 excerpes;
1429 1024 1550 1068 aliud

152 1087 218 1128 est
243 1085 359 1128 enim
385 1086 637 1141 epistulam,
670 1085 789 1128 aliud
814 1086 1063 1142 historiam,
1097 1085 1216 1128 aliud
1242 1086 1400 1142 amico,
1429 1085 1550 1129 aliud
1574 1103 1612 1132 is

152 1146 356 1189 omnibus
389 1146 589 1190 scribere.
653 1146 775 1190 Vale.

784 1236 916 1275 XVII.
979 1232 1024 1280 fi
1039 1234 1174 1279 §nub-

469 1310 510 1343 C.
532 1310 733 1343 PLINIUS
759 1310 1042 1344 RESTITUTO
1071 1311 1164 1345 SUO
1193 1311 1231 1345 S.

236 1376 667 1436 Indignatiunculam
679 1412 691 1434 ,
723 1393 855 1434 quam
888 1379 935 1422 in
961 1379 1189 1423 cuiusdam
1216 1379 1349 1423 amici
1380 1378 1549 1423 audito-

152 1439 218 1482 rio
253 1440 367 1495 cepi,
398 1454 488 1482 non
519 1454 700 1496 possum
733 1440 843 1483 mihi
868 1442 1112 1497 temperare
1146 1455 1234 1497 quo
1261 1440 1406 1484 minus
1433 1439 1549 1497 apud
1574 1458 1611 1486 so

152 1502 213 1556 te,
246 1501 349 1556 quia
379 1515 470 1544 non
501 1500 722 1558 contingit
753 1516 918 1558 eoram,
950 1517 1030 1558 per
1054 1501 1291 1558 epistulam
1316 1500 1550 1545 effundam.

153 1559 438 1604 Recitabatur
469 1561 580 1605 liber
611 1562 977 1606 absolutissimus.
1041 1561 1174 1606 Hunc
1212 1563 1300 1606 duo
1339 1565 1418 1606 aut
1447 1564 1551 1619 tres,

152 1623 204 1664 ut
235 1621 318 1664 sibi
357 1625 400 1664 et
431 1623 582 1678 paucis
615 1623 838 1680 videntur,
879 1623 1030 1667 diserti
1063 1623 1205 1668 surdis
1239 1623 1462 1681 mutisque
1494 1623 1549 1666 si—

154 1682 278 1724 miles
304 1683 549 1726 audiebant.
611 1683 717 1727 Non
741 1685 865 1727 labra
890 1684 1175 1742 diduxerunt,
1204 1699 1297 1728 non
1316 1686 1551 1728 moverunt
1603 1728 1605 1731 Α

154 1757 351 1798 manum,
383 1758 473 1786 non
506 1744 691 1801 denique
718 1745 1073 1802 adsurrexerunt,
1106 1746 1263 1790 saltem
1287 1745 1550 1790 lassitudine
1574 1762 1611 1791 26

154 1803 343 1846 sedendi.
407 1803 526 1855 Quae
564 1807 687 1848 tanta
725 1807 947 1863 gravitas?
989 1822 1100 1864 quae
1141 1809 1265 1850 tanta
1305 1806 1550 1864 sapientia?

154 1879 265 1920 quae
298 1864 431 1908 immo
465 1866 662 1922 pigritia,
700 1868 979 1926 adrogantia,
1016 1868 1278 1912 sinisteritas
1310 1883 1362 1912 ac
1398 1867 1549 1925 potius

154 1925 364 1981 amentia,
388 1926 434 1968 in
459 1925 545 1969 hoc
570 1929 714 1969 totum
742 1928 856 1971 diem
883 1929 1156 1986 impendere,
1182 1931 1233 1972 ut
1259 1928 1474 1986 offendas,
1499 1930 1551 1972 ut

154 1985 397 2029 inimicum·
418 1987 664 2043 relinquas,
704 1989 758 2031 ad
798 2004 928 2045 quem
967 1993 1193 2046 tamquam
1231 1989 1549 2034 amicissimum

154 2046 351 2089 veneris?
396 2046 613 2091 Disertior
643 2048 736 2104 ipse
769 2050 843 2092 es?
885 2051 1027 2095 Tanto
1060 2051 1202 2110 magis
1233 2066 1288 2094 ne
1321 2050 1549 2108 invideris3
1573 2067 1612 2096 ω

252 2145 273 2176 2
300 2141 469 2177 innitens
495 2143 653 2178 servulis
681 2145 732 2180 M
754 2145 927 2192 (servol.)‚
954 2147 1019 2192 K,
1053 2147 1198 2194 Stanyl,
1233 2147 1366 2191 Mem,
1393 2145 1549 2182 innixus

155 2190 272 2227 servis
305 2191 466 2237 Dpra,
508 2192 603 2236 Otto,
646 2192 799 2228 innixus
832 2195 991 2230 servulis
1024 2196 1171 2241 Muell„
1218 2196 1266 2240 cf.
1293 2205 1431 2242 pcmey.
1457 2197 1494 2240 8,
1525 2198 1551 2231 4

154 2243 189 2275 et
213 2242 272 2283 66,
299 2242 331 2274 5.
455 2243 475 2275 3
503 2239 643 2287 colligo
672 2242 730 2286 M,
760 2243 823 2286 K,
852 2243 997 2290 Stanyl,
1024 2246 1156 2289 Meron,
1185 2243 1359 2280 coniecto
1385 2243 1547 2290 Dpra,

158 2288 253 2332 Otto,
281 2288 413 2324 Muelz.
514 2292 536 2324 5
564 2291 742 2325 aestuans
769 2292 828 2335 M,
855 2292 918 2336 K,
948 2293 1081 2338 Merr.,
1108 2293 1392 2329 interaestuans
1418 2292 1547 2338 Dpa,

158 2336 252 2380 Otto,
282 2338 428 2382 Muell„
454 2338 559 2373 intus
586 2339 766 2374 aestuans
791 2349 854 2375 rs.
1005 2345 1024 2376 '1
1051 2342 1214 2387 viderat,
1241 2340 1384 2390 (erat)
1410 2340 1550 2377 tertius

154 2385 206 2420 K.
227 2386 285 2421 ΙΙ.
313 2390 462 2423 auctore
488 2387 662 2424 Momms.
789 2392 830 2423 21
861 2390 1024 2436 contigit
1049 2391 1090 2427 D
1095 2402 1126 2437 p
1136 2399 1169 2426 ς.
1288 2393 1335 2431 29
1362 2389 1550 2426 amicissi-

153 2445 239 2470 mus
265 2446 300 2470 a.
402 2438 448 2470 30
474 2436 532 2471 est
559 2435 599 2471 D
603 2447 673 2482 pr.
