1716 2742
460 104 819 147 PANEGYRICUS
849 113 907 155 76,
923 120 939 146 3
952 132 1002 138 —
1018 113 1076 156 78,
1093 120 1120 147 5.
1413 111 1505 156 389

77 227 209 270 aucta
234 224 391 281 etiam,
423 224 643 282 siquidem
671 226 884 283 pleraque
910 226 967 269 ad
986 229 1215 284 praetores
1235 226 1507 283 remittebat,

76 290 214 346 atque
245 287 311 332 ita
341 289 393 330 ut
426 288 622 347 collegas
654 292 854 346 vocaret,
892 304 986 334 non
1019 290 1125 347 quia
1158 290 1375 347 populare
1409 305 1508 349 gra-

76 353 266 409 tumque
303 349 609 408 audientibus,
648 351 726 396 sed
765 352 872 409 quja
910 353 973 396 ita
1012 352 1245 397 sentiebat.
1310 352 1506 397 Tantum
1534 364 1557 399 5

78 412 354 473 dignationis
392 412 440 457 in
478 413 577 471 ipso
620 413 791 459 bonore
830 415 1047 473 ponebat,
1086 418 1138 459 ut
1178 431 1271 460 non
1313 415 1507 474 amplius

33 493 54 523 ε
79 491 176 522 esse
208 478 428 534 censeret,
461 477 582 533 quod
615 477 778 534 aliquis
806 478 980 537 collega
1006 479 1310 536 appellaretur
1336 495 1362 523 a
1388 479 1509 538 prin-

78 540 199 598 cipe,
230 554 365 598 quam
399 539 521 596 quod
553 542 734 597 praetor
766 543 894 585 esset.
952 539 1024 584 Ad
1051 541 1139 586 hoc
1170 544 1263 585 tam
1296 541 1509 587 adsiduus

78 603 126 648 in
151 601 387 659 tribunali,
419 604 472 646 ut
496 601 650 647 labore
676 602 800 647 refici
826 619 878 648 ac
904 605 1102 662 reparari
1127 604 1366 649 videretur.
1400 604 1510 658 Quis
1537 617 1559 651 6

79 667 287 711 nostrum
319 664 438 709 idem
471 679 623 723 curae,
655 665 773 710 idem
809 667 984 711 sudoris
1019 667 1235 711 insumit?
1265 668 1365 726 quis
1399 668 1509 713 adeo

80 727 291 788 expetitis
323 727 573 773 honoribus
607 731 685 772 aut
718 729 911 773 deservit
944 732 1022 773 aut
1055 729 1254 774 sufficit?
1310 730 1372 775 Et
1405 746 1512 776 sane
1539 742 1560 775 7

18 809 57 838 ιο
81 806 276 864 aequum
308 793 378 836 est
407 793 586 836 tantum
614 792 772 836 ceteris
805 795 1032 850 praestare
1060 793 1361 838 consulibus
1348 810 1512 852 lpsum,

82 855 162 914 qui
193 854 401 900 consules
438 854 566 899 facit·
610 854 777 912 quippe
817 855 950 899 etiam
991 855 1174 900 fortuna
1206 856 1410 901 videatur
1447 857 1512 901 in-

82 918 291 978 dignum,
322 917 363 962 si
393 917 539 975 possit
570 916 766 962 honores
794 918 922 974 dare,
955 919 1032 976 qui
1060 934 1212 978 gerere
1238 935 1331 964 non
1356 920 1511 978 possit.

82 979 303 1026 Facturus
342 981 551 1025 consules
594 981 753 1025 doceat
795 982 1135 1040 accepturisque
1184 982 1513 1040 amplissimum
1540 994 1563 1028 8

82 1044 302 1089 honorem
335 1043 602 1102 persuadeat
634 1043 748 1088 seire
781 1058 846 1101 se,
880 1044 989 1102 quid
1016 1044 1092 1102 sit,
1127 1045 1247 1103 quod
1275 1046 1416 1090 dabit:
1450 1045 1515 1091 sic

22 1123 59 1152 ιε
85 1106 152 1166 fit,
182 1106 337 1152 ut-illi
369 1122 551 1165 quoque
584 1107 746 1165 sciant,
781 1107 890 1164 quid
923 1108 1187 1165 acceperint.

179 1168 279 1224 Quo
312 1169 476 1214 iustius
511 1172 713 1227 senatus,
745 1173 797 1214 ut
830 1170 1078 1229 susciperes
1113 1173 1323 1229 quartum
1357 1186 1515 1216 consu·
1528 1168 1592 1218 ’78

83 1234 249 1291 latum,
280 1235 326 1278 et
356 1232 536 1293 rogavit
568 1236 614 1277 et
645 1232 788 1277 iussit.
854 1232 1039 1291 Imperii
1071 1233 1159 1279 hoc
1191 1235 1391 1293 verbum,
1422 1250 1516 1279 non

85 1295 359 1341 adulationis
392 1310 489 1340 esse
523 1295 740 1354 obsequio
774 1298 853 1340 tuo
888 1297 1034 1354 crede,
1069 1297 1189 1355 quod
1222 1312 1315 1342 non
1347 1297 1436 1342 alja
1468 1298 1517 1341 in

85 1375 134 1404 re
166 1359 311 1419 magis
344 1361 424 1404 aut
456 1362 637 1403 senatus
672 1359 849 1418 exigere
883 1375 908 1403 a
941 1362 985 1403 te
1019 1362 1097 1404 aut
1122 1363 1173 1404 tu
1199 1362 1426 1418 praestare
1452 1376 1517 1405 se-

22 1439 61 1468 so
84 1422 215 1467 natui
233 1422 379 1468 debes.
411 1421 478 1467 Ut
497 1422 617 1467 em'm
640 1426 890 1466 ceterorum
910 1422 1144 1467 hominum
1166 1424 1230 1467 ita
1248 1423 1517 1481 principum,
1544 1436 1566 1468 2

86 1485 270 1531 illorum
302 1485 459 1541 etiam,
506 1485 584 1543 qui
626 1485 670 1529 di
710 1485 797 1529 sibi
835 1485 1062 1543 videntur,
1109 1501 1267 1530 aevum
1309 1501 1441 1530 omne
1474 1488 1519 1530 et

85 1548 223 1594 breve
253 1550 301 1593 et
330 1548 493 1608 fragile
526 1551 604 1593 est.
670 1548 827 1606 Itaque
862 1549 1083 1605 optimum
1111 1564 1334 1607 quemque
1360 1549 1447 1593 niti
1473 1552 1519 1593 et

88 1611 358 1657 contendere
385 1612 531 1669 decet,
563 1614 615 1655 ut
640 1614 745 1669 post
770 1626 816 1655 se
845 1626 1023 1669 quoque
1049 1611 1113 1655 rei
1134 1612 1343 1669 publicae
1362 1612 1521 1670 prosit,

87 1674 410 1720 moderationis
462 1674 634 1720 scilicet
690 1674 979 1731 iustitiaeque
1038 1675 1346 1732 monimentis,
1406 1689 1519 1732 quae

25 1753 63 1782 π
87 1737 284 1797 plurima
316 1740 512 1783 statuere
546 1738 704 1782 consul
736 1739 897 1795 potest.
976 1736 1099 1782 Haec
1132 1753 1294 1796 nempe
1326 1738 1519 1782 intentio
1547 1750 1569 1783 3

87 1804 180 1860 tua,
211 1803 265 1846 ut
294 1800 553 1846 libertatem
584 1815 767 1845 revoces
795 1815 846 1844 ac
872 1800 1070 1845 reducas.
1137 1799 1280 1853 Quem
1307 1815 1414 1860 ergo
1441 1801 1520 1845 ho-

88 1879 247 1910 norem
293 1864 438 1924 magis
484 1879 656 1920 amare,
702 1863 823 1920 quod
867 1878 1031 1908 nomen
1079 1878 1296 1922 usurpare
1342 1864 1520 1922 saepius

90 1927 244 1985 debes,
276 1942 411 1986 quam
446 1927 564 1984 quod
598 1926 794 1984 primum
822 1926 995 1970 invenit
1018 1929 1280 1984 recuperata
1304 1926 1521 1971 libertas?

89 1989 196 2036 Non
229 1993 299 2035 est
330 1990 479 2035 minus
513 1989 644 2034 civile
677 1991 722 2034 et
754 1988 1005 2047 principem
1037 2004 1134 2034 esse
1160 1989 1328 2048 pariter
1353 1992 1399 2034 et
1418 2004 1522 2034 con-

29 2069 70 2097 so
92 2054 237 2098 sulem
270 2068 406 2112 quam
438 2055 615 2097 tantum
648 2053 891 2097 consulem.
969 2051 1100 2096 Habe
1133 2052 1268 2097 etiam
1299 2053 1522 2097 rationem
1548 2064 1572 2098 4

91 2116 387 2162 verecundiae
433 2117 710 2175 collegarum
751 2118 954 2172 tuorum,
995 2115 1272 2175 collegarum
1318 2115 1523 2174 inquam3

92 2180 157 2225 ita
194 2180 314 2225 enim
354 2182 399 2224 et
437 2179 532 2237 ipse
570 2178 768 2236 loqueris
809 2180 854 2222 et
889 2193 973 2222 nos
1011 2178 1139 2236 loqui
1177 2178 1258 2222 vis.
1324 2176 1524 2223 Onerosa
1550 2190 1572 2224 5

93 2243 179 2288 erit
210 2242 457 2288 modestiae
490 2242 673 2286 illorum
706 2241 830 2285 tertii
863 2242 1123 2285 consulatus
1158 2242 1228 2285 sui
1260 2241 1525 2299 recordatio,

196 2359 243 2392 11
270 2354 453 2391 videatur
474 2375 519 2380 -—-
541 2355 592 2390 12
611 2353 737 2399 possit
759 2375 805 2379 —-
826 2352 953 2400 possit
974 2352 1123 2398 Elatia,
1146 2353 1295 2398 Μυκη,
1315 2352 1526 2390 videbatur

95 2427 143 2433 —-
169 2406 304 2453 posset
331 2427 378 2432 —
404 2404 538 2451 posset
563 2403 663 2451 vuly.
795 2406 840 2440 19
867 2404 912 2439 tu
939 2403 1028 2439 add.
1058 2403 1220 2449 AB'O,
1246 2408 1360 2450 tamq.
1381 2404 1524 2441 insitio.

96 2456 286 2502 Βῶλαν-(1.,
307 2456 360 2492 K.
374 2456 435 2500 H,
455 2454 596 2491 Baehr.
681 2457 726 2490 21
750 2453 826 2489 sibi
848 2453 905 2489 dii
925 2454 974 2490 Α.
1054 2456 1101 2489 30
1121 2452 1224 2490 habe
1239 2454 1384 2499 Livin„
1400 2454 1452 2491 K.
1464 2454 1524 2499 II,

96 2506 254 2552 Baehr„
283 2505 434 2551 Muell„
460 2503 583 2541 habes
610 2504 715 2541 codd.
