1630 2678
93 750 113 782 6

94 871 113 903 7

144 140 229 185 164
739 132 776 168 C.
804 131 939 167 PLINI

140 251 306 293 tissime
345 247 534 299 (nullum
573 248 638 288 est
670 244 786 288 enim
819 257 976 301 genus,
1009 242 1127 298 quod
1159 241 1411 284 absolutum
1443 254 1534 283 non

140 311 280 368 possit
320 307 726 364 eloquentissimum
771 303 897 361 dici),
937 303 1113 359 scripsit
1154 302 1403 346 comoedias
1445 300 1534 344 Me-

140 372 353 415 nandrum
387 370 582 424 aliosque
615 366 770 410 aetatis
797 364 990 408 eiusdem
1024 364 1286 407 aemulatus:
1318 363 1424 406 licet
1454 362 1534 406 has

142 434 254 476 inter
279 430 503 473 Plautinas
529 427 899 482 Terentianasque
924 439 1140 468 numeres.
1184 423 1318 468 Nunc
1342 423 1535 480 primum

141 509 186 537 se
233 493 277 534 in
322 493 465 534 vetere
512 488 756 543 comoedia,
796 487 870 530 sed
909 502 1000 530 non
1037 489 1265 542 tamquam
1310 484 1537 542 inciperet,
1562 498 1578 525 ⁵

141 553 340 597 ostendit.
403 551 506 595 Non
544 551 610 593 illi
651 550 735 605 vis,
777 564 868 591 non
899 547 1143 606 granditas,
1173 561 1265 590 non
1297 545 1536 601 subtilitas,

140 630 228 658 non
260 612 523 665 amaritudo,
555 626 644 654 non
677 610 880 665 dulcedo,
911 624 1003 652 non
1027 609 1152 665 lepos
1179 606 1336 651 defuit:
1363 606 1537 650 ornavit

140 677 345 730 virtutes,
377 674 614 717 insectatus
648 674 714 715 est
745 671 872 726 vitia,
898 670 1013 714 fictis
1039 669 1294 713 nominibus
1321 668 1536 723 decenter,

140 737 251 779 veris
292 750 397 779 usus
429 737 496 778 est
527 736 639 789 apte.
704 731 828 776 Circa
861 747 930 774 me
962 733 1136 774 tantum
1168 729 1441 787 benignitate
1471 729 1536 772 ni-

140 798 227 840 mia
268 796 446 839 modum
485 795 690 849 excessit,
720 794 806 836 nisi
845 792 963 849 quod
994 795 1143 835 tamen
1181 791 1324 847 poetis
1357 790 1536 834 mentiri
1563 804 1598 830 10

139 859 253 901 licet.
315 856 368 900 In
406 871 576 900 summa
614 854 884 910 extorquebo
927 854 966 897 ei
1004 853 1170 896 librum
1201 851 1538 910 legendumque,

140 920 275 962 immo
312 917 591 961 ediscendum
625 917 797 959 mittam
830 915 930 970 tibi3
963 929 1106 971 neque
1139 913 1256 957 enim
1284 912 1439 956 dubito
1471 912 1537 956 fu-

140 984 287 1023 turum
320 982 370 1021 ut
401 994 491 1021 non
524 979 737 1034 deponas,
769 977 806 1020 si
839 977 973 1019 semel
1007 975 1258 1031 sumpseris.
1321 973 1444 1018 Vale.

158 1092 693 1187 701thm5sfstrv-5a-
772 1090 901 1129 XXII.

512 1180 553 1211 (τ.
579 1178 775 1211 viamus
804 1177 976 1210 TIRONI
1006 1176 1100 1210 suo
1129 1176 1166 1210 s,
1480 1182 1484 1186 -
1564 1177 1598 1203 15

232 1260 392 1317 Magna
412 1274 479 1302 res
500 1262 597 1302 acta
617 1261 682 1301 est
702 1259 913 1314 omnium,
933 1257 1009 1313 qui
1036 1259 1139 1300 sunt
1157 1255 1396 1313 provinciis
1416 1270 1539 1312 prae-

142 1321 290 1376 futuri,
311 1335 471 1378 magna
491 1320 700 1375 omnium,
722 1319 797 1375 qui
824 1335 868 1362 se
890 1318 1149 1375 simpliciter
1169 1316 1353 1361 credunt
1373 1316 1536 1360 amicis.

143 1382 367 1425 Lustricus
375 1381 631 1424 Bruttianus
650 1395 747 1424 cum
767 1379 1044 1423 Montanium
1059 1378 1320 1435 Atticinum,
1331 1377 1538 1422 comitem

144 1458 287 1498 suum,
319 1443 365 1485 in
398 1443 547 1485 multis
580 1441 760 1499 flagitiis
787 1440 1104 1498 deprendisset,
1144 1438 1318 1483 Caesari
1350 1438 1537 1502 scripsit.

146 1503 362 1546 Atticinus
395 1503 572 1561 flagitiis
606 1502 792 1558 addidit,
823 1505 891 1557 ut,
924 1517 1055 1558 quem
1087 1501 1336 1558 deceperat,
1363 1514 1537 1544 accusa·
1563 1514 1599 1540 20

144 1568 221 1606 ret.
283 1563 476 1619 Recepta
508 1564 703 1621 cognitio
737 1566 819 1606 est:
853 1563 918 1606 fui
950 1563 996 1605 in
1029 1562 1228 1606 consilio.
1291 1561 1399 1619 Egit
1423 1563 1539 1605 uter—

147 1639 230 1680 que
271 1639 350 1680 pro
394 1640 457 1679 se,
498 1626 589 1682 egit
629 1627 775 1667 autem
818 1624 1004 1681 carptim
1046 1626 1091 1667 et
1130 1623 1243 1667 κατὰ
1274 1621 1537 1679 κεφάλαιον,

147 1700 234 1741 quo
273 1699 428 1742 genere
466 1686 624 1728 veritas
664 1686 812 1728 statim
853 1685 1110 1728 ostenditur.
1173 1684 1367 1727 Protulit
1408 1682 1539 1726 Brut—

145 1746 290 1788 tianus
315 1748 625 1789 testamentum
645 1761 785 1802 suum,
813 1746 929 1802 quod
956 1745 1144 1789 Atticini
1171 1760 1305 1788 manu
1325 1745 1539 1802 scriptum

146 1821 240 1850 esse
266 1806 453 1861 dicebat3
479 1807 564 1850 hoc
590 1808 704 1850 enim
726 1810 769 1850 et
789 1822 946 1850 arcana
964 1807 1242 1850 familiaritas
1263 1808 1308 1849 et
1327 1805 1539 1862 querendi
1564 1819 1600 1846 25

147 1867 199 1910 de
231 1882 303 1922 eo,
335 1881 463 1922 quem
497 1868 558 1910 sic
590 1872 793 1923 amasset,
826 1869 1062 1912 necessitas
1088 1867 1375 1911 indicabatur.
1419 1866 1539 1910 Enu-

146 1928 330 1971 meravit
369 1928 550 1971 crimina
587 1929 732 1984 foeda,
770 1930 1019 1985 manifesta3
1059 1944 1170 1985 quae
1208 1929 1302 1984 ille,
1343 1943 1444 1972 cum
1477 1927 1539 1971 di-

144 1989 265 2032 luere
295 2003 386 2031 non
417 1992 583 2045 posset,
611 1990 673 2032 ita
703 1991 904 2047 regessit,
931 1994 998 2044 ut,
1025 1990 1130 2033 dum
1157 1989 1425 2045 defenditur,
1449 1991 1539 2032 tur-

145 2050 233 2106 pis,
258 2049 361 2092 dum
389 2053 577 2105 accusat,
602 2051 835 2093 sceleratus
862 2052 1132 2107 probaretur.
1173 2050 1392 2107 Corrupto
1420 2049 1536 2093 enim

145 2110 313 2154 scribae
360 2125 484 2153 servo
526 2111 815 2167 interceperat
858 2113 1196 2155 commentarios
1240 2110 1539 2154 interciderat·
1564 2124 1601 2151 30

146 2186 231 2227 que
268 2185 318 2214 ac
356 2186 434 2227 per
465 2186 683 2214 summum
716 2172 838 2215 nefas
871 2174 1077 2216 utebatur
1108 2174 1315 2216 adversus
1348 2171 1537 2215 amicum

146 2232 326 2275 crimine
365 2246 454 2274 suo.
519 2232 641 2276 Fecit
672 2233 963 2289 pulcherrime
997 2234 1171 2278 Caesar:
1212 2248 1304 2276 non
1336 2232 1453 2276 enim
1485 2233 1539 2276 de

244 2355 290 2388 10
309 2363 342 2388 υ.
360 2351 443 2388 Otto
456 2352 632 2396 Sprichw.
648 2364 684 2397 p.
695 2355 780 2389 283.
829 2356 872 2388 18
887 2354 1083 2390 Lustricus
1098 2355 1138 2390 D
1145 2365 1174 2400 p
1184 2366 1256 2398 ra,
1280 2353 1375 2396 Otto,
1390 2353 1538 2396 Muell„

145 2400 357 2436 Lustricius
381 2400 441 2445 M,
461 2401 511 2435 K.
533 2422 578 2427 —
608 2400 849 2437 Montanium
880 2403 930 2438 M
938 2403 978 2438 D
989 2415 1009 2439 r
1020 2412 1042 2438 ς
1049 2431 1060 2448 ,
1087 2403 1138 2438 K.
1160 2403 1218 2447 ΙΙ,
1250 2401 1385 2438 Muell.
1391 2429 1404 2446 ‚
1429 2401 1539 2437 Mon-

144 2451 277 2485 tanum
284 2461 357 2495 pa,
367 2449 514 2492 Gatan„
525 2450 573 2484 K.
585 2451 616 2485 I.
641 2453 687 2485 30
698 2450 964 2496 incideratque
976 2452 1015 2487 D
1018 2463 1047 2497 p
1055 2464 1086 2495 r,
1096 2451 1353 2497 inspexeratq.
1364 2446 1537 2487 Momms.
