1716 2742
233 143 325 189 270
679 140 718 178 C.
746 140 884 177 PLINI
910 140 975 177 ΕΤ
1002 140 1217 178 TRAIANI

812 260 884 299 ix.
920 258 1084 311 [xxv]

714 348 969 383 TRAIANUS
996 349 1187 384 PLINIO.

326 431 386 474 Et
426 431 595 475 multas.
632 434 730 474 tuas
770 434 815 474 et
858 446 1017 475 omnes
1050 432 1254 489 publicas
1291 446 1447 477 causas
1484 431 1667 490 petendi

232 496 506 538 commeatus
534 493 787 550 reddidisti3
814 493 927 537 mihi
954 497 1104 538 autem
1130 495 1203 538 vel
1230 495 1327 539 sola
1351 495 1561 539 voluntas
1588 498 1667 539 tua

232 556 491 600 suffecisset.
550 555 709 613 Neque
736 556 856 600 enim
883 556 1041 600 dubito
1068 559 1127 614 te,
1152 559 1204 600 ut
1229 557 1425 615 primum
1453 557 1666 616 potueris,
1694 572 1711 599 5

232 619 287 662 ad
319 621 412 662 tam
445 618 700 663 districtum
729 619 930 663 officium
963 635 1257 664 reversurum.
1318 618 1525 664 Statuam
1557 620 1668 678 poni

232 681 343 724 mihi
377 697 402 725 a
428 684 472 725 te
500 697 571 739 eo,
600 697 689 739 quo
718 681 942 726 desideras
968 683 1095 739 loco,
1122 697 1396 740 quamquam
1421 683 1517 743 eius
1545 683 1666 727 modi

231 744 455 788 honorum
487 744 798 802 parcissimus,
823 746 975 788 tamen
1007 745 1177 803 patior,
1207 761 1264 789 ne
1297 745 1537 803 impedisse
1571 761 1668 790 cur-

232 821 330 850 sum
364 822 470 866 erga
502 822 573 851 me
606 807 787 864 pietatis
820 809 924 851 tuae
957 807 1120 852 videar.

863 924 912 964 X.
950 922 1036 977 [V]
1696 936 1716 962 1«

505 1013 548 1047 C.
570 1013 776 1048 PLINIUS
805 1013 1030 1048 TRAIANO
1058 1013 1392 1048 IMPERATORI.

185 1107 203 1140 1
320 1094 602 1153 Exprimere,
636 1096 838 1154 domine,
870 1096 1019 1140 verbis
1046 1111 1139 1140 non
1166 1110 1370 1154 possum,
1401 1097 1571 1154 quanto
1598 1111 1670 1140 me

233 1157 397 1217 gaudio
432 1158 679 1203 adfecerint
712 1159 930 1217 epistulae
964 1162 1091 1216 tuae,
1125 1175 1180 1203 ex
1213 1158 1376 1216 quibus
1404 1159 1599 1218 cognovi
1625 1161 1670 1203 te

233 1220 523 1278 Harpocrati,
551 1221 805 1280 iatraliptae
832 1237 955 1280 meo,
983 1225 1028 1266 et
1055 1221 1407 1266 Alexandrinam
1441 1221 1671 1266 civitatem

232 1283 462 1341 tribuisse,
503 1284 707 1341 quamvis
749 1284 995 1330 secundum
1037 1284 1369 1329 institutionem
1411 1284 1670 1342 principum
1699 1300 1714 1325 1

232 1361 324 1390 non
356 1348 524 1390 temere
557 1362 656 1391 eam
689 1347 793 1392 dare
825 1347 1152 1406 proposuisses.
1217 1347 1329 1391 Esse
1369 1349 1519 1391 autem
1558 1346 1671 1391 Har-

184 1421 205 1453 2
233 1424 403 1466 pocran
428 1415 576 1465 νομοῦ
604 1411 858 1468 Μεμφίτου
886 1410 1036 1454 indico
1063 1410 1158 1454 tibi.
1211 1409 1343 1469 Rogo
1372 1425 1500 1470 ergo,
1525 1409 1672 1454 indul-

234 1471 496 1530 gentissime
529 1472 796 1531 imperator,
828 1476 879 1517 ut
912 1473 1025 1517 mihi
1058 1473 1114 1516 ad
1147 1472 1413 1530 Pompeium
1450 1471 1673 1530 Plantam,

233 1534 509 1591 praefectum
553 1533 792 1594 Aegypti,
814 1536 1008 1580 amicum
1051 1538 1201 1593 tuum,
1244 1535 1362 1580 sicut
1402 1535 1671 1593 promisisti,

235 1597 473 1654 epistulam
494 1598 659 1643 mittas.
713 1597 904 1643 Obviam
925 1599 1090 1656 iturus,
1111 1613 1199 1656 quo
1221 1598 1454 1655 maturius,
1476 1598 1670 1657 domine,
1697 1612 1714 1639 2

235 1660 563 1717 exoptatissimi
609 1660 826 1705 adventus
873 1661 941 1705 tui
984 1661 1149 1720 gaudio
1193 1660 1284 1706 frui
1326 1661 1517 1719 possim,
1552 1667 1671 1720 'rogo

235 1722 467 1779 permittas
502 1723 611 1768 mihi
648 1739 782 1782 quam
815 1725 1080 1783 longissime
1114 1739 1346 1768 occurrere
1379 1723 1476 1768 tibi.

845 1840 916 1882 XI.
954 1838 1065 1894 [VL]

511 1928 553 1963 C.
576 1929 782 1964 PLINIUS
811 1930 1038 1965 TRAIANO
1066 1929 1400 1965 IMPERATORI.

187 2020 206 2053 1
330 2009 542 2054 Proxima
575 2012 812 2057 infirmitas
848 2028 964 2070 mea,
1000 2013 1199 2069 domine,
1234 2012 1455 2071 obligavit
1487 2027 1559 2056 me
1586 2011 1670 2056 Po·
1699 2026 1715 2053 2

237 2073 400 2116 stumio
428 2072 602 2117 Marino
631 2075 825 2133 medico;
853 2075 925 2120 cui
951 2091 1106 2133 parem
1133 2075 1326 2134 gratiam
1351 2074 1516 2119 referre
1541 2074 1674 2119 bene—

236 2134 339 2179 ficio
383 2138 462 2179 tuo
507 2151 710 2194 possum,
756 2138 794 2181 si
839 2138 1049 2196 precibus
1096 2138 1207 2183 meis
1251 2154 1307 2182 ex
1349 2137 1674 2183 consuetudine

186 2208 207 2241 2
235 2197 450 2241 bonitatis
477 2200 580 2242 tuae
606 2199 856 2246 indulseris.
901 2200 1031 2260 Rogo
1060 2216 1181 2260 ergo,
1207 2203 1259 2245 ut
1283 2200 1551 2258 propinquis
1578 2200 1673 2244 eius

237 2259 312 2303 des
356 2260 602 2318 civitatem,
648 2260 900 2321 Chrysippo
945 2263 1222 2308 Mithridatis
1264 2263 1488 2320 uxorique
1534 2260 1674 2320 Chry-

337 2374 358 2406 3
392 2372 482 2407 tuas
517 2371 607 2408 add.
645 2371 783 2420 Stanyl
815 2374 898 2411 coll.
927 2376 981 2411 ΙΙ
1004 2378 1064 2420 16,
1092 2377 1128 2421 4,
1164 2375 1205 2412 et
1240 2373 1387 2410 multas
1425 2374 1465 2410 et
1503 2373 1672 2422 [omncs]

236 2419 344 2467 publ.
380 2422 447 2468 (an
472 2421 618 2457 multas
653 2423 692 2459 et
725 2423 901 2469 privatas
937 2426 977 2461 et
1010 2424 1118 2471 publ.
1145 2424 1179 2471 2)
1208 2424 1260 2461 K.
1276 2425 1336 2470 II,
1368 2425 1409 2460 et
1435 2422 1673 2473 (privatas)

237 2469 348 2506 mult.
372 2472 412 2506 et
431 2481 564 2508 omnes
587 2472 683 2518 Cat„
705 2473 757 2509 K.
773 2475 808 2517 I,
830 2475 958 2512 Hard.
1065 2478 1110 2511 17
1138 2474 1340 2522 μεμφύτου
1362 2485 1398 2520 a,
1420 2473 1674 2521 Μεμφιτικοῦ

244 2521 360 2557 Hem.
382 2520 522 2568 Steph„
551 2522 652 2567 K.I,
684 2523 813 2561 Hard.
