1624 2678
0 0 83 80 ιΙ...
93 58 99 68 ι
104 52 110 65 -“
118 43 132 59 Ϊ

509 158 867 197 EPISTULARUM
893 159 929 196 11
955 163 989 205 3,
1016 164 1051 196 4.
1426 163 1484 207 33

79 274 308 335 gloriaque
340 275 612 318 commotum
639 272 694 316 ad
726 272 956 316 visendum
989 287 1090 316 eum
1123 272 1177 316 ab
1210 273 1369 316 ultimo
1402 275 1486 316 ter-

79 351 228 383 mam
285 335 392 380 orbe
441 335 614 378 venisse
665 334 920 403 statimque,
973 337 1023 377 ut
1074 333 1262 390 viderat,
1314 334 1486 378 abisse?

81 397 397 456 Ἅφιλόκαλον,
429 396 742 452 inlitteratum,
775 396 891 439 iners
925 410 976 439 ac
1013 410 1152 452 paene
1191 396 1324 439 etiam
1357 398 1487 453 turpe

81 461 150 504 est
178 473 271 503 non
301 461 459 516 putare
485 457 599 500 tanti
625 430 947 515 cognitionem,
981 471 1068 513 qua
1094 456 1216 500 nulla
1249 458 1347 500 est
1335 472 1488 501 iucun-

38 537 56 566 ι
81 520 201 578 dior,
229 519 355 564 nulla
379 518 623 577 pulchrior,
655 518 779 562 nulla
804 518 991 574 denique
1027 518 1273 561 humanior.
1338 518 1487 562 Dices:
1515 525 1536 558 9

38 611 39 614 =
82 580 256 627 ‘Habeo
287 581 379 637 hic,
412 595 523 637 quos
554 581 719 638 legam,
751 594 842 623 non
875 580 1020 622 minus
1048 579 1263 623 disertos.'
1319 579 1488 623 Etiam:

82 642 160 688 sed
190 642 368 701 legendi
401 657 574 698 semper
605 641 778 685 occasio
813 643 898 696 est,
930 641 1136 684 audiendi
1174 656 1265 684 non
1304 656 1487 698 semper.

82 703 316 748 Praeterea
346 703 488 747 multo
521 703 681 761 magis,
713 705 764 745 ut
795 701 931 759 vulgo
958 702 1137 758 dicitur,
1171 702 1272 745 viva
1297 717 1386 746 vox
1417 703 1489 746 ad-

83 765 190 810 ficit.
245 763 381 821 Nam,
405 764 511 809 licet
536 764 705 808 acriora
730 763 838 819 sint,
870 777 982 820 quae
1007 763 1150 822 legaS,
1175 764 1307 807 altius
1340 766 1501 808 tamen·

24 842 62 872 ιο
86 826 134 871 111
165 826 313 871 animo
345 825 517 882 sedent,
555 840 666 882 quae
711 825 1038 882 pronuntiatio,
1082 826 1254 881 vultus,
1299 825 1491 882 habitus,

85 890 236 946 gestus
268 887 401 931 etiam
427 886 612 931 dicentis
639 885 813 944 adfigit3
844 886 931 929 nisi
956 901 1060 930 vero
1093 886 1254 930 falsum
1282 890 1489 944 putamus
1519 899 1564 932 ιο

85 948 196 993 illud
228 947 484 1005 Aeschinis,
529 948 606 1005 qui
648 963 748 992 cum
790 947 972 1005 legisset
1012 947 1198 991 Rhodiis
1246 949 1491 992 orationem

85 1008 399 1055 Demosthenis
432 1009 751 1053 admirantibus
792 1008 962 1052 cunctis
1002 1009 1212 1052 adiecisse
1251 1009 1408 1052 fertur:
1447 1011 1495 1053 τί

86 1069 152 1129 δέ,
181 1071 224 1115 el
255 1069 398 1115 αὐτοῦ
430 1077 513 1115 τοῦ
544 1071 717 1128 θηρίου
749 1069 993 1126 ἠκούσατε;
1034 1073 1078 1113 et
1110 1073 1204 1113 erat
1235 1070 1490 1127 AeschineS,

27 1147 63 1176 ιι
87 1132 127 1177 εἰ
150 1130 442 1177 Demostheni
472 1132 703 1184 credimus,
731 1132 1187 1189 λαμπροφωνότατος.
1253 1131 1493 1176 Fatebatur

84 1195 234 1238 tamen
276 1193 409 1252 longe
466 1193 623 1237 melius
669 1192 820 1236 eadem
866 1193 943 1236 illa
975 1194 1286 1250 pronuntiasse
1332 1194 1492 1250 ipsum,

86 1255 164 1313 qui
206 1257 447 1312 pepererat.
511 1253 632 1307 Quae
678 1254 827 1298 omm'a
870 1254 958 1298 huc
1002 1254 1210 1311 tendunt,
1247 1258 1297 1298 ut
1339 1255 1491 1299 audias
1519 1267 1562 1299 11

84 1314 278 1372 Isaeum,
308 1316 380 1360 vel
411 1316 510 1360 ideo
543 1318 736 1371 tantum,
770 1318 820 1358 ut
852 1315 1054 1359 audieris.
1120 1315 1243 1359 Vale.

750 1441 821 1481 IV.

26 1526 64 1556 2⁰
407 1516 450 1550 C.
470 1517 672 1550 PLINIUS
700 1516 954 1550 CALVINAE
983 1516 1110 1549 SUAE
1139 1516 1177 1550 S.

168 1582 218 1629 Si
247 1584 449 1642 pluribus
483 1587 609 1642 pater
644 1588 748 1629 tuus
787 1585 858 1628 vel
896 1584 973 1627 uni
1019 1584 1201 1628 cuilibet
1237 1585 1313 1628 alii
1359 1600 1491 1642 quam
1521 1598 1538 1629 1

87 1645 198 1690 mihi
229 1645 472 1703 debuisset,
504 1646 662 1690 fuisset
694 1646 880 1689 fortasse
913 1645 1224 1702 dubitandum,
1261 1662 1318 1690 an
1350 1647 1492 1691 adires

86 1706 375 1751 hereditatem
400 1708 532 1751 etiam
566 1708 660 1750 viro
688 1722 878 1765 gravem.
930 1705 1039 1750 Cum
1079 1721 1182 1751 vero
1218 1723 1301 1766 ego
1335 1708 1492 1752 ductus
1519 1720 1540 1752 2

88 1768 330 1813 adflnitatis
362 1768 512 1812 officio
546 1768 739 1811 dimissis
767 1767 993 1823 omnibus,
1025 1769 1119 1824 qui,
1152 1783 1243 1812 non
1270 1768 1368 1813 dico
1402 1785 1493 1813 mo-

29 1842 67 1871 ¹⁶
90 1829 312 1886 lentiores,
343 1830 419 1873 sed
453 1829 756 1887 diligentiores
790 1831 934 1885 erant,
972 1829 1164 1873 creditor
1202 1831 1323 1874 solus
1363 1831 1494 1874 exsti-

89 1889 239 1946 terim,
269 1903 459 1947 cumque
490 1904 573 1948 ego
606 1890 789 1934 nubenti
807 1889 890 1934 tibi
922 1891 968 1933 in
1000 1890 1146 1934 dotem
1175 1894 1352 1935 centum
1373 1892 1495 1935 milia

90 1951 352 2011 contulerim
398 1954 572 2007 praeter
614 1966 709 1995 eam
757 1966 991 2008 summam,
1037 1967 1169 2008 quam
1218 1956 1344 2009 pater
1391 1956 1493 1997 tuus

91 2012 216 2070 quasi
255 2011 308 2056 de
340 2026 438 2056 meo
471 2012 583 2055 dixit
614 2011 726 2071 (erat
758 2012 874 2056 enim
908 2013 1118 2056 solvenda
1150 2013 1202 2056 de
1235 2013 1375 2071 meo),
1407 2029 1494 2058 ma-

90 2087 227 2132 gnum
246 2072 383 2117 habes
412 2073 636 2117 facilitatis
670 2089 790 2117 meae
818 2074 997 2132 pignus,
1024 2075 1148 2118 cuius
1175 2075 1337 2118 fiducia
1362 2075 1494 2119 debes

28 2147 68 2177 ιο
90 2133 253 2178 famam
287 2128 483 2178 defuncti
516 2134 817 2191 pudoremque
850 2136 1090 2192 suscipere3
1124 2136 1178 2178 ad
1213 2136 1330 2192 quod
1363 2140 1406 2179 te
1439 2152 1494 2180 ne

91 2195 236 2239 verbis
269 2196 409 2254 magis
443 2211 574 2252 quam
608 2196 738 2239 rebus
771 2197 941 2252 horter,
979 2196 1194 2253 quidquid
1228 2198 1335 2240 mihi
1370 2200 1495 2254 pater

91 2258 195 2300 tuus
227 2255 392 2313 debuit,
417 2261 645 2314 acceptum
673 2257 755 2300 tibi
777 2257 869 2301 fieri
904 2257 1075 2301 iubebo.
1141 2256 1235 2302 Nec
1262 2261 1348 2314 est,
1375 2259 1493 2315 quod
1521 2272 1542 2304 3

193 2391 238 2425 18
265 2388 314 2434 cf.
343 2389 501 2426 Ηι“.ενοπ
529 2390 579 2425 ad
606 2389 758 2426 Paulin.
787 2401 842 2435 ep.
871 2392 918 2426 53
944 2390 1013 2426 vol.
1042 2391 1114 2437 Ip
1153 2393 1225 2428 27·
1215 2390 1308 2426 ’.ed
1335 2391 1492 2428 Vallars.

97 2436 535 2531 1611DmKdelaelcor313.
625 2442 671 2474 26
692 2449 762 2485 ego
784 2437 945 2475 nubenti
969 2439 1018 2474 M
1034 2439 1074 2483 V,
1086 2403 1245 2475 vivente
1267 2451 1311 2475 eo
1333 2439 1494 2477 nubenti

95 2495 136 2521 re

170 2558 310 2586 Faunus
331 2559 399 2586 ΜΣΝ
498 2563 529 2585 D.
547 2561 627 2587 KUK
606 2563 709 2586 KL’LA.
1251 2564 1272 2596 3
