1630 2678
163 132 246 179 148
753 126 791 163 o,
812 124 947 162 mm

158 244 271 287 stiva
314 244 357 285 et
400 242 679 298 praepostera
723 238 990 295 displiceret,
1036 251 1147 294 quae
1192 235 1356 280 omisso
1395 237 1551 280 contra

159 304 327 348 dicendi
360 306 554 359 tempore
587 300 822 358 castigaret
847 301 1095 356 peractum,
1126 297 1198 342 cui
1218 297 1449 357 ‚potuisset
1480 310 1551 340 oc-

159 380 339 409 currere.
413 362 638 406 Iuventius
684 361 860 416 quidem
906 358 1056 403 Celsus
1101 360 1280 416 praetor
1321 361 1550 415 tamquam

159 426 478 470 emendatorem
505 426 681 466 senatus
709 424 752 465 et
782 420 933 465 multis
954 423 999 464 et
1018 420 1300 464 vehementer
1317 418 1550 476 increpuit.

161 485 404 543 Respondit
429 483 579 541 Nepos
611 497 852 539 rursusque
879 481 1051 538 Celsus3
1082 483 1240 526 neuter
1270 479 1550 526 contumeliis
1577 499 1594 526 5

159 546 428 604 temperavit.
491 544 609 588 Nolo
648 544 826 599 referre,
869 558 978 599 quae
1012 542 1098 586 dici
1131 541 1187 586 ab
1219 541 1328 600 ipsis
1367 541 1551 586 moleste

158 608 253 651 tuli.
305 606 400 659 Quo
434 606 572 663 magis
606 605 819 663 quosdam
852 620 875 648 e
900 618 1083 648 numero
1109 605 1263 647 nostro
1290 602 1552 661 improbavi,

158 669 233 725 qui
272 667 401 711 modo
435 667 489 710 ad
529 666 721 723 Celsum,
768 666 898 709 modo
937 665 992 708 ad
1025 664 1265 722 Nepotem,
1306 666 1443 721 prout
1477 663 1552 707 hic

156 730 225 773 vel
251 730 325 772 ille
353 729 527 784 diceret,
554 728 794 785 cupiditate
820 726 1025 770 audiendi
1053 725 1327 770 cursitabant
1352 727 1398 770 et
1421 738 1554 782 nunc,

158 791 281 847 quasi
319 790 597 833 stimularent
635 792 679 832 et
717 789 1022 844 accenderent,
1059 802 1195 844 nunc,
1235 786 1363 845 quasi
1400 798 1550 830 recon-
1577 804 1614 832 ιο

157 852 355 894 ciliarent
393 865 443 894 ac
480 852 861 907 recomponerent,
905 849 1179 905 frequentius
1218 848 1425 907 singulis,
1463 860 1553 891 am-

157 912 297 956 bobus
343 911 560 955 interdum
612 911 854 968 propitium
901 909 1130 954 Caesarem
1183 913 1236 953 ut
1285 909 1332 953 in
1380 909 1551 953 ludicro

158 973 303 1030 aliquo
348 973 650 1030 precabantur.
721 972 829 1015 Mihi
882 972 1059 1029 quidem
1109 970 1220 1014 illud
1274 970 1407 1014 etiam
1457 985 1553 1028 per-

158 1035 363 1078 acerbum
383 1034 487 1091 fuit,
520 1034 637 1090 quod
663 1037 766 1076 sunt
792 1034 902 1076 alter
927 1033 1075 1088 alteri,
1108 1031 1216 1089 quid
1234 1033 1458 1090 pararent,
1490 1031 1553 1074 in-

158 1095 301 1138 dicati.
365 1094 480 1138 Nam
513 1098 556 1138 et
589 1094 739 1138 Celsus
772 1094 938 1151 Nepoti
978 1109 1031 1137 ex
1061 1094 1215 1137 libello
1247 1092 1476 1151 respondit
1507 1094 1552 1136 et
1579 1110 1614 1139 1⁵

159 1154 284 1200 Celso
322 1155 473 1213 Nepos
515 1171 568 1199 ex
609 1156 913 1214 pugillaribus.
977 1155 1120 1199 Tanta
1159 1154 1405 1212 loquacitas
1447 1153 1553 1198 ami-

160 1231 330 1273 corum,
355 1220 405 1260 ut
430 1217 630 1260 homines
657 1217 874 1275 iurgaturi
900 1217 944 1260 id
971 1217 1118 1274 ipsum
1145 1216 1336 1260 invicem
1361 1214 1553 1272 scierint,

160 1281 382 1335 tamquam
418 1279 704 1322 convenisset.
769 1278 890 1322 Vale.

158 1439 362 1478 (uma
376 1418 550 1504 lm
573 1407 670 1463 Mad
820 1391 890 1430 v1.

499 1479 540 1511 e.
562 1454 761 1512 PLIN'IUS
790 1479 1028 1512 FUNDANO
1058 1478 1152 1512 suo
1181 1478 1219 1512 s.
1578 1477 1616 1505 ὀ

246 1557 293 1600 Si
326 1559 517 1615 quando,
550 1575 667 1602 nunc
692 1560 926 1616 praecipue
953 1574 1158 1616 cuperem
1185 1573 1278 1602 esse
1303 1561 1348 1602 tc
1373 1556 1555 1614 Romae,

162 1622 204 1660 et
236 1619 294 1660 sis
327 1634 446 1676 rogo.
510 1619 630 1677 Opus
658 1625 724 1663 est
750 1621 858 1663 mihi
886 1621 994 1677 voti,
1026 1620 1208 1676 laboris,
1241 1617 1554 1663 sollicitudinis

163 1679 291 1721 socio.
355 1680 470 1722 Petit
507 1681 695 1724 honores
734 1681 871 1725 Iulius
909 1681 1052 1738 Naso,
1092 1681 1205 1738 petit
1245 1695 1346 1724 cum
1387 1679 1555 1736 multis,

162 1754 260 1783 cum
289 1740 426 1795 bonis,
460 1756 568 1797 quos
596 1746 644 1785 ut
672 1743 913 1800 gloriosum
942 1743 1005 1786 sic
1031 1745 1099 1786 est
1127 1741 1308 1786 difficile
1335 1755 1552 1799 superare.

162 1799 333 1843 Pendeo
380 1816 482 1858 ergo
527 1805 570 1845 et
611 1818 814 1847 exerceor
858 1819 952 1861 spe,
1001 1803 1184 1847 adficior
1227 1805 1349 1847 metu
1393 1804 1438 1846 et
1481 1816 1552 1845 me
1579 1819 1616 1848 2⁵

162 1862 433 1904 consularem
475 1878 565 1906 esse
607 1879 695 1907 non
734 1865 893 1919 sentio3
935 1880 1037 1908 nam
1075 1879 1227 1908 rursus
1260 1863 1371 1907 mihi
1402 1863 1555 1906 videor

163 1922 378 1977 omnium,
423 1938 533 1979 quae
578 1924 824 1981 decucurri,
867 1926 1136 1970 candidatus.
1202 1925 1398 1969 Meretur
1439 1924 1555 1968 hanc

162 1997 308 2026 curam
354 1984 487 2042 longa
532 1986 616 2028 mei
661 1987 850 2029 caritate.
914 1987 996 2030 Est
1040 1987 1150 2030 mihi
1194 2000 1294 2030 cum
1339 1986 1418 2029 illo
1461 2000 1554 2029 non

162 2058 264 2086 sane
309 2047 490 2100 paterna
535 2046 727 2089 amicitia
771 2046 931 2104 (neque
977 2049 1094 2092 enim
1142 2062 1236 2092 esse
1277 2046 1425 2105 potuit
1474 2061 1554 2103 per

163 2119 304 2147 meam
343 2105 568 2163 aetatem),
610 2107 779 2150 solebat
816 2111 963 2152 tamen
1001 2109 1182 2153 vixdum
1221 2107 1551 2152 adulescentulo
1579 2125 1616 2154 ³0

164 2164 271 2207 mihi
313 2168 435 2221 pater
479 2167 571 2210 eius
617 2183 714 2211 cum
761 2184 919 2227 magna
962 2171 1090 2214 laude
1135 2168 1383 2213 monstrari.
1444 2167 1555 2212 Erat

163 2240 250 2268 non
308 2226 553 2270 studiorum
610 2231 798 2286 tantum,
856 2246 1006 2274 verum
1064 2231 1196 2275 etiam
1253 2228 1554 2274 studiosorum

163 2287 486 2331 amantissimus
537 2303 587 2332 ac
637 2304 774 2345 prope
819 2292 978 2335 cotidie
1026 2292 1080 2335 ad
1132 2291 1392 2347 audiendos,
1442 2304 1552 2347 quos

158 2410 249 2481 buo
262 2399 307 2432 10
325 2406 473 2432 reconc.
488 2399 834 2444 componerentque
848 2399 889 2435 D
893 2411 923 2445 p
933 2411 953 2436 r
964 2412 1000 2444 a,
1023 2400 1117 2437 Otto.
1195 2402 1240 2435 1⁷
1261 2397 1404 2435 scirent
1424 2398 1464 2435 D
1470 2409 1501 2445 p
1510 2409 1555 2443 a,
