1630 2678
543 144 900 182 EPISTULARUM
924 145 960 182 11
987 149 1044 182 ιτ.
1427 147 1484 192 51

90 257 378 304 munimentis
417 257 673 314 hibernum,
713 261 780 302 est
820 258 938 302 enim
981 257 1247 302 subductum
1279 258 1486 302 omnibus

90 319 247 365 ventis.
313 318 434 364 Huic
478 319 683 364 cubiculo
728 320 850 363 aliud
894 322 938 363 et
981 322 1224 376 procoeton
1262 320 1486 363 communi

89 378 257 439 pariete
295 380 552 439 iunguntur.
621 379 728 424 Inde
768 381 931 424 balinei
971 381 1083 424 cella
1121 380 1350 439 frigidaria
1390 396 1487 438 spa·
1516 389 1559 421 11

88 441 206 487 tiosa
241 443 287 486 et
322 442 480 498 effusa,
517 442 642 486 cuius
681 442 728 486 in
759 442 990 486 contrariis
1022 442 1263 499 parietibus
1296 442 1382 486 duo
1415 442 1488 486 ba-

44 522 64 550 s
88 503 293 561 pastoria
334 503 459 547 velut
502 504 642 547 eiecta
685 503 936 559 sinuantur,
986 503 1158 547 abunde
1202 504 1399 560 capacia,
1450 504 1489 547 si

89 579 211 610 mare
250 565 298 608 in
337 564 541 621 proximo
578 565 757 633 cogites.
820 564 1007 608 Adiacet
1037 565 1310 621 unctorium,
1349 564 1489 622 hypo-

89 628 295 695 causton,
331 625 502 670 adiacet
537 626 817 684 propnigeon
854 626 1037 682 balinei,
1074 641 1178 669 mox
1209 625 1320 669 duae
1352 627 1490 670 cellae

89 686 232 756 magis
281 687 504 745 elegantes
555 701 687 743 quam
738 690 1040 744 sumptuosae3
1091 688 1297 731 cohaeret
1346 687 1490 732 calida

88 747 261 806 piscina
297 748 501 804 mirifica,
538 763 593 791 ex
624 763 712 804 qua
742 751 945 792 natantes
977 763 1098 792 mare
1130 749 1371 805 aspiciunt,
1406 763 1489 794 nec

27 826 66 857 ιο
88 809 247 878 procul
284 809 661 866 sphaeristerium,
700 810 820 866 quod
858 809 1126 854 calidissimo
1160 810 1244 853 soli
1276 810 1488 854 inclinato

88 870 178 914 iam
209 870 280 914 die
310 871 513 915 occurrit.
570 869 658 914 Hic
688 871 822 915 turris
855 871 1059 928 erigitur,
1091 871 1171 915 sub
1206 886 1294 928 qua
1320 872 1489 916 diaetae
1517 879 1562 911 12

89 931 222 988 duae,
257 931 444 976 totidem
475 932 524 975 in
554 931 671 989 ipsa,
701 935 930 989 praeterea
961 933 1153 989 cenatio,
1185 948 1297 989 quae
1328 933 1488 976 latissi-

89 1006 230 1037 mum
260 1007 399 1048 mare,
446 993 758 1050 longissimum
807 994 935 1050 litus,
983 994 1112 1038 villas
1157 995 1488 1038 amoenissimas

87 1053 315 1112 prospicit.
378 1053 463 1098 Est
502 1057 548 1098 et
588 1055 674 1098 alia
714 1056 860 1098 turris
922 1054 976 1098 In
1013 1055 1096 1099 hac
1128 1055 1400 1112 cubiculum,
1442 1057 1489 1099 in
1517 1063 1561 1094 13

27 1132 64 1161 11
88 1128 179 1172 quo
222 1114 292 1158 sol
333 1116 531 1159 nascitur
568 1115 880 1173 conditurque,
922 1117 1013 1160 lata
1050 1119 1154 1173 post
1191 1117 1407 1186 apotheca
1444 1120 1489 1161 et

86 1174 316 1232 horreum,
351 1176 433 1220 sub
465 1176 551 1220 hoc
581 1177 845 1234 triclinium,
883 1178 1001 1234 quod
1033 1177 1200 1221 turbati
1232 1179 1365 1222 maris
1398 1193 1489 1222 non

87 1236 176 1281 nisi
204 1236 427 1296 fragorem
453 1240 498 1282 et
523 1253 680 1282 sonum
707 1239 876 1295 patitur
900 1254 1089 1295 eumque
1115 1240 1203 1282 iam
1227 1240 1488 1297 languidum

88 1311 141 1342 ac
171 1297 462 1356 desinentem
492 1299 672 1343 hortum
705 1303 748 1343 et
780 1301 1072 1358 gestationem
1104 1300 1241 1356 videt,
1275 1315 1363 1357 qua
1387 1300 1488 1344 hor-

87 1361 162 1403 tus
204 1358 455 1404 includitur.
526 1358 723 1404 Gestatio
768 1362 885 1404 buxo
925 1365 1003 1405 aut
1039 1377 1138 1405 rore
1175 1361 1366 1416 marino,
1410 1361 1488 1405 ubi
1515 1369 1561 1402 14

6 1438 65 1467 -ω
88 1419 240 1464 deficit
274 1419 437 1478 buxus,
475 1421 687 1478 ambitur;
724 1437 826 1465 nam
866 1423 1026 1478 buxus,
1066 1438 1153 1478 qua
1184 1425 1310 1479 parte
1342 1396 1488 1467 defen-

88 1481 209 1525 ditur
231 1482 378 1537 tectis,
410 1482 582 1526 abunde
607 1483 737 1540 viret3
763 1487 916 1540 aperto
943 1484 1063 1527 caelo
1090 1486 1329 1541 apertoque
1354 1487 1487 1528 vento

88 1545 134 1586 et
188 1557 455 1600 quamquam
506 1544 751 1602 longinqua
802 1546 1034 1602 aspergine
1084 1545 1217 1588 maris
1268 1545 1486 1589 inarescit.

87 1602 274 1648 Adiacet
319 1605 557 1663 gestationi
598 1606 805 1649 interiore
847 1605 1081 1649 circumitu
1122 1606 1290 1661 vi[ne]a
1336 1610 1488 1651 tenera
1515 1614 1561 1647 15

0 1667 2 1670 ’
88 1667 135 1709 et
173 1665 382 1710 umbrosa
420 1666 639 1722 nudisque
678 1667 810 1709 etiam
843 1666 1028 1723 pedibus
1061 1667 1207 1711 mollis
1241 1671 1285 1711 et
1317 1668 1487 1712 cedens.

26 1743 64 1772 11
88 1724 283 1771 Hortum
314 1741 464 1771 morus
497 1731 541 1771 et
571 1727 682 1771 ficus
715 1727 921 1783 frequens
953 1729 1104 1785 vestit,
1144 1744 1328 1785 quarum
1363 1730 1488 1774 arbo-

88 1801 188 1830 rum
219 1787 298 1831 illa
327 1788 399 1831 vel
431 1789 620 1831 maxime
652 1788 775 1831 ferax
800 1791 916 1832 terra
941 1791 1026 1845 est,
1057 1790 1293 1848 malignior
1318 1791 1486 1834 ceteris.

88 1845 187 1892 Hac
225 1862 317 1891 non
358 1847 572 1891 deteriore
614 1863 745 1904 quam
788 1850 920 1893 maris
961 1850 1073 1894 facie
1115 1852 1287 1895 cenatio
1319 1855 1488 1895 remota

90 1923 117 1952 a
140 1907 252 1951 mari
276 1908 456 1963 fruitur,
482 1909 676 1967 cingitur
701 1910 856 1954 diaetis
882 1910 1051 1955 duabus
1078 1928 1104 1955 a
1127 1915 1273 1971 tergo,
1300 1928 1485 1969 quarum

88 1968 294 2013 fenestris
344 1969 541 2014 subiacet
590 1970 855 2015 vestibulum
906 1973 1038 2016 villae
1083 1976 1127 2017 et
1170 1974 1325 2017 hortus
1371 1975 1485 2018 alius

26 2049 66 2078 ω
87 2030 268 2089 pinguis
300 2033 346 2074 et
369 2031 571 2075 rusticus.
628 2030 745 2076 Hinc
771 2035 1126 2090 cryptoporticus
1152 2050 1290 2103 prope
1316 2035 1484 2091 publici
1512 2043 1559 2075 16

89 2091 235 2149 operis
266 2092 527 2135 extenditur.
591 2092 825 2150 Utrimque
863 2095 1094 2151 fenestrae,
1124 2111 1150 2139 a
1182 2097 1292 2139 mari
1324 2097 1486 2153 plures,

88 2150 144 2196 ab
187 2152 318 2197 horto
364 2153 551 2219 singulis
597 2169 650 2197 ex
693 2155 873 2199 alternis
913 2157 1152 2213 pauciores.
1223 2156 1337 2212 Hae,
1383 2172 1483 2201 cum

186 2239 210 2273 ὁ
235 2236 269 2273 ιι
294 2247 400 2272 mare
422 2237 647 2281 MVDrs,
668 2238 731 2282 K„
753 2238 885 2283 Mer-r„
912 2239 971 2274 sin
994 2250 1100 2275 mare
1128 2240 1266 2286 RFp,
1293 2239 1325 2275 si
1351 2240 1485 2277 innare

88 2295 126 2330 a,
152 2284 187 2321 si
210 2296 302 2321 nare
329 2285 476 2330 eatan„
514 2286 615 2330 Otto,
643 2286 789 2331 Muell„
822 2288 861 2323 ni
894 2289 966 2334 (vel
991 2288 1080 2334 nisi)
1113 2299 1196 2323 mar
1198 2299 1219 2323 e
1246 2289 1484 2334 Klussmann.

47 2424 49 2427 y
90 2335 219 2419 21⁸3
215 2344 320 2420 32¹}
324 2333 497 2419 ”¹¹⁸32R
508 2335 694 2430 ἷῑὲἰξὲἷω
715 2335 813 2420 .ἒέ
803 2336 944 2431 <02⁸3ss
962 2336 1129 2421 3²13}ng
1134 2342 1359 2431 ζὲἕίωηὲ
1361 2338 1486 2431 ῗοῖἰέ

92 2430 246 2476 uua,
288 2432 505 2478 pauciores
551 2432 617 2469 sed
657 2432 816 2470 alternis
854 2433 1030 2479 singulae
1069 2435 1089 2470 ‚⁹
1126 2435 1176 2471 K.
1209 2435 1313 2481 prob.
1351 2436 1484 2480 Mer-r„

90 2478 255 2527 singuli·
289 2492 335 2517 ex
371 2461 529 2517 alternis
566 2482 766 2528 pauciores
802 2494 866 2530 eqo
900 2483 1018 2520 Wien.
1053 2484 1160 2520 Stud.
1194 2484 1320 2521 XXV
1337 2496 1379 2531 p.
1398 2487 1482 2522 3ος

1217 2546 1263 2581 4*
