1716 2742
515 115 879 154 EPISTULARUM
904 116 959 153 ix
986 120 1145 154 13—15.
1462 123 1553 167 243

118 231 385 276 relationem
418 231 599 290 quidem
639 231 694 276 de
733 246 785 276 eo
826 230 999 277 Gaesar-
1025 232 1080 276 ad
1122 235 1326 277 senatum
1362 249 1456 278 non
1488 250 1553 279 re—

119 293 263 339 misit:
303 293 482 339 obtinui
520 297 690 350 tamen,
731 294 852 352 quod
892 295 1192 353 intenderam3
1230 311 1337 340 nam
1377 297 1554 356 collega
1580 309 1627 342 23

121 355 244 402 Certi
281 357 584 414 consulatum,
628 371 931 402 successorem
973 356 1130 402 Certus
1170 359 1363 416 accepit,
1400 360 1552 417 plane-

121 433 209 477 que
239 419 412 464 factum
445 423 531 477 est,
571 419 693 477 quod
726 419 926 464 dixeram
958 420 1006 464 in
1038 421 1147 465 fine:
1187 420 1387 466 ‘Reddat
1427 437 1553 480 prae-

0 503 2 509 *
77 496 96 524 5
121 482 264 526 mium
296 482 381 527 sub
415 482 587 540 optimo
626 482 850 540 principe,
889 483 1010 540 quod
1050 499 1076 527 a
1114 484 1311 541 pessimo
1352 485 1553 543 accepit.’

2 1727 11 1742 q.
0 1662 7 1701 -γ
0 1483 12 1648 ἼιὶΠ-ψ--ῂψ
0 1467 2 1476 -

120 543 287 590 Postea
311 544 535 590 actionem
563 561 729 602 meam,
760 548 1005 602 utcumque
1032 547 1180 604 potui,
1213 547 1446 606 recollegi,
1479 548 1553 592 ad-

120 607 217 652 didi
248 608 404 652 multa.
458 606 637 652 Accidit
669 607 930 662 fortuitum,
964 608 1041 652 sed
1074 624 1166 653 non
1200 611 1432 666 tamquam
1464 611 1554 655 for·
1580 622 1627 654 24

119 670 308 727 tuitum,
340 670 462 728 quod
489 669 620 714 editis
646 670 774 715 libris
802 670 960 714 Certus
987 671 1107 715 intra
1133 672 1430 729 paucissimos
1458 673 1552 717 dies

119 732 368 791 implicitus
389 732 549 777 morbo
570 733 771 777 decessit.
808 732 976 777 Audivi
996 733 1238 778 referentes
1258 735 1375 780 hanc
1395 736 1552 795 imagi-
1579 746 1627 779 ‘25

56 810 94 837 ιο
118 811 224 840 nem
243 796 385 840 menti
404 795 519 852 eius,
551 796 668 840 hanc
689 796 831 840 oculis
853 797 1101 853 oberrasse,
1128 799 1360 854 tamquam
1380 797 1553 842 videret

118 873 191 903 me
223 857 312 903 sibi
349 873 453 903 cum
495 858 614 902 ferro
647 858 878 903 inminere.
944 859 1120 904 Verane
1153 859 1283 917 haec,
1316 861 1552 905 adfirmare

117 936 212 965 non
243 921 409 978 ausim3
439 921 627 965 interest
659 924 810 966 tamen
842 921 1057 980 exempli,
1088 924 1140 966 ut
1172 938 1278 967 vera
1302 923 1550 968 videantur.

211 982 366 1028 Habes
391 983 652 1042 epistulam,
679 985 717 1028 si
737 984 922 1028 modum
949 985 1168 1042 epistulae
1196 986 1384 1044 cogites,
1411 986 1551 1044 libris,
1579 997 1626 1030 26

119 1061 233 1104 quos
277 1046 448 1106 legisti,
494 1062 588 1091 non
629 1047 872 1105 minorem,
914 1047 992 1091 sed
1033 1047 1279 1105 imputabis
1325 1049 1429 1106 tibi,
1475 1050 1552 1107 qui

54 1121 92 1150 ιε
118 1111 357 1154 contentus
387 1109 516 1154 libris
549 1125 642 1153 non
675 1109 814 1154 fuisti.
879 1109 1004 1154 Vale.

777 1226 888 1266 XIV.

496 1315 540 1349 C.
561 1315 768 1349 PLINIUS
797 1314 985 1350 TACITO
1015 1315 1112 1350 SUO
1141 1317 1179 1350 S.

210 1395 309 1442 Nec
340 1397 437 1455 ipse
470 1397 555 1441 tibi
586 1397 786 1454 plaudis,
829 1401 874 1441 et
913 1413 997 1457 ego
1031 1398 1148 1442 nihil
1188 1398 1332 1457 magis
1372 1415 1428 1443 ex
1461 1399 1549 1444 fide

118 1474 253 1517 quam
296 1459 351 1503 de
393 1462 439 1504 tc
482 1459 641 1504 scribo.
707 1459 906 1505 Posteris
950 1477 1008 1504 an
1050 1461 1202 1518 aliqua
1243 1476 1351 1506 cura
1391 1463 1551 1519 nostri,

53 1536 91 1564 πο
115 1522 289 1579 nescio,
318 1538 404 1566 nos
437 1525 556 1567 certe
590 1538 833 1580 meremur,
866 1526 917 1567 ut
950 1523 1009 1567 sit
1034 1524 1203 1581 aliqua,
1237 1539 1330 1568 non
1357 1523 1457 1569 dico
1484 1524 1549 1568 in-

115 1585 250 1645 genio
284 1583 351 1644 (id
384 1585 503 1629 enim
537 1583 820 1644 superbum),
855 1586 932 1630 sed
966 1586 1115 1630 studio
1149 1589 1194 1630 et
1225 1586 1379 1631 labore
1406 1590 1452 1631 et
1483 1603 1550 1631 re·

115 1647 316 1692 verentia
347 1650 644 1706 posterorum.
699 1647 944 1707 Pergamus
977 1649 1112 1692 modo
1139 1649 1301 1694 itinere
1327 1649 1550 1707 instituto,
1588 1697 1591 1699 ,

116 1710 238 1769 quod
263 1713 315 1755 ut
347 1726 516 1769 paucos
549 1711 597 1754 in
629 1711 776 1755 lucem
809 1711 1065 1768 famamque
1098 1713 1307 1769 provexit
1339 1712 1403 1757 ita
1435 1713 1549 1756 mul-

115 1775 188 1818 tos
221 1789 245 1818 e
277 1773 473 1818 tenebris
507 1776 552 1817 et
585 1774 765 1817 silentio
799 1774 1003 1831 protulit.
1069 1773 1194 1819 Vale.

53 1899 90 1925 25
789 1890 877 1929 XV.

478 1978 521 2014 C.
542 1979 747 2013 PLINIUS
775 1978 999 2013 FALCONI
1027 1979 1125 2014 SUO
1155 1980 1193 2014 S.

209 2060 483 2120 Refugeram
510 2062 558 2105 in
578 2061 768 2118 Tuscos,
794 2064 846 2105 ut
872 2062 1025 2106 omnia
1050 2062 1107 2106 ad
1133 2061 1370 2106 arbitrium
1398 2077 1546 2108 meum
1578 2075 1595 2106 1

114 2124 320 2169 facerem.
384 2123 449 2168 At
474 2124 562 2168 hoc
587 2139 644 2168 ne
670 2124 719 2168 in
745 2123 903 2169 Tuscis
931 2124 1132 2182 quidem:
1165 2128 1259 2169 tam
1286 2125 1441 2169 multis
1469 2141 1548 2169 un-

115 2187 251 2245 dique
302 2187 576 2231 rusticorum
621 2186 787 2231 libellis
832 2189 877 2231 et
921 2189 1015 2231 tam
1063 2188 1261 2245 querulis
1307 2187 1547 2245 inquietor,

52 2267 89 2295 80
115 2264 229 2307 quos
268 2250 501 2306 aliquanto
541 2250 685 2307 magis
728 2249 897 2294 invitus
937 2265 1074 2308 quam
1114 2264 1237 2294 meos
1275 2250 1401 2309 leg03
1442 2265 1545 2294 nam

114 2314 161 2356 et
191 2327 315 2357 meos
348 2311 528 2356 invitus.
595 2311 809 2356 Retracto
850 2313 970 2356 enim
1004 2313 1281 2358 actiunculas
1317 2312 1548 2371 quasdam,
1574 2325 1595 2357 2

217 2451 264 2485 10
289 2448 441 2486 videret
469 2476 477 2485 .
500 2477 508 2484 .
531 2477 538 2485 .
563 2477 570 2484 .
598 2448 804 2485 imminere
831 2448 893 2494 M,
917 2449 1032 2496 vulq„
1058 2447 1210 2486 videret
1235 2447 1461 2485 Helvidium
1488 2460 1547 2486 re-

115 2498 306 2546 spondere
332 2498 431 2536 mihi
459 2498 571 2546 (mihi
597 2510 668 2536 om.
690 2498 747 2545 D)
774 2498 816 2535 D
822 2510 930 2546 pra.

1248 2573 1321 2610 16*
