1630 2678
131 142 217 187 142
722 136 761 175 C.
787 136 921 173 PLINI

128 267 227 296 eum
254 252 425 295 mittere
463 250 509 293 in
546 249 724 307 praedia
761 252 855 303 tua,
895 263 1007 306 quae
1039 248 1156 294 Foro
1186 247 1275 294 Iuli
1306 247 1517 307 possides.

127 312 290 357 Audivi
340 312 454 355 enim
504 313 549 354 te
600 325 728 367 saepe
778 310 1038 354 referentem
1088 325 1183 355 esse
1225 310 1291 355 ibi
1330 313 1376 355 et
1418 314 1520 355 aera

128 374 344 418 salubrem
377 375 421 416 et
450 373 519 415 lac
550 371 765 415 eiusmodi
791 371 1093 415 curationibus
1119 371 1520 417 accommodatissi-

80 445 102 478 8
128 450 259 478 mum.
321 433 448 491 Rogo
481 447 585 491 ergo
619 432 783 476 scribas
815 433 918 488 tuis,
949 435 1000 476 ut
1030 432 1098 476 illi
1129 432 1248 490 villa,
1268 435 1330 479 .ut
1360 433 1519 478 domus

128 498 291 552 pateat,
335 495 519 538 offerant
558 494 690 537 etiam
734 493 985 550 sumptibus
1027 494 1139 550 eius,
1181 494 1220 538 si
1257 493 1364 551 quid
1407 509 1518 551 opus
1544 514 1562 542 ⁵

81 566 103 600 9
129 556 227 612 erit3
264 556 346 598 erit
384 557 528 598 autem
568 569 678 611 opus
717 554 903 598 modico.
966 554 1050 598 Est
1087 555 1206 598 em‘m
1236 557 1329 599 tam
1360 569 1519 613 parcus

130 619 173 660 et
204 616 450 672 continens,
482 618 533 659 ut
563 631 654 659 non
687 616 829 659 solum
862 615 1061 672 delicias,
1098 630 1252 661 verum
1283 615 1417 660 etiam
1446 632 1521 661 ne-

128 677 349 721 cessitates
387 676 649 720 valetudinis
687 676 941 735 frugalitate
978 677 1227 736 restringat.
1289 677 1389 736 Ego
1420 692 1522 735 pro-

127 738 338 782 ficiscenti
369 741 542 782 tantum
573 737 723 782 viatici
756 738 888 795 dabo,
927 740 1141 794 quantum
1173 738 1367 783 sufficiat
1398 739 1522 783 eunti

128 799 173 842 in
203 802 289 842 tua.
353 798 473 842 Vale.
1226 848 1230 853 ,
1546 819 1584 848 ιο

175 875 369 941 atam}
402 900 448 924 ω.
474 878 580 945 ΐφα
609 873 754 923 “w-m,
777 864 862 903 XX·

30 968 66 1004 χ
382 949 423 983 C.
444 950 645 984 PLINIUS
673 949 921 984 CORNELIO
949 950 1078 985 URSO
1107 950 1200 985 SUO
1230 950 1268 986 S.

82 1042 101 1074 1
211 1028 376 1073 Iterum
415 1029 616 1086 Bithyni:
663 1030 792 1074 breve
836 1034 1013 1088 tempus
1058 1047 1084 1075 a
1115 1029 1232 1076 Iulio
1264 1031 1426 1089 Basso,
1475 1034 1520 1076 et

127 1089 292 1134 Rufum
336 1091 557 1134 Varenum
599 1092 906 1148 proconsulem
957 1093 1228 1150 detulerunt,
1281 1091 1519 1150 Varenum,

127 1166 255 1208 quem
275 1167 415 1207 nuper
434 1152 639 1195 adversus
666 1152 851 1196 Bassum
885 1153 1146 1198 advocatum
1173 1156 1218 1198 et
1241 1154 1520 1210 postularant
1544 1175 1581 1204 15

80 1224 101 1256 2
128 1215 171 1255 et
199 1214 473 1269 acceperant!
504 1212 679 1257 Inducti
707 1214 754 1257 in
786 1218 984 1258 senatum
1010 1215 1343 1272 inquisitionem
1367 1217 1519 1273 postu-

125 1274 338 1316 laverunt.
401 1273 598 1317 Varenus
642 1275 788 1331 petiit,
826 1278 876 1318 ut
914 1276 999 1319 sibi
1037 1290 1214 1333 quoque
1252 1275 1519 1320 defensionis

128 1348 258 1377 causa
313 1349 492 1378 evocare
552 1338 684 1379 testes
744 1337 914 1393 liceret3
973 1337 1278 1382 recusantibus
1309 1336 1519 1395 Bithynis

128 1395 320 1452 cognitio
372 1398 574 1452 suscepta
623 1399 700 1440 est.
786 1397 874 1455 Egi
923 1413 1004 1455 pro
1056 1398 1232 1443 Vareno
1283 1413 1374 1442 non
1425 1398 1519 1442 sine

80 1467 101 1498 3
128 1459 303 1511 eventu3
342 1472 463 1513 nam,
493 1457 603 1500 bene
636 1473 692 1501 an
723 1459 854 1515 male,
893 1459 1006 1503 liber
1042 1459 1266 1503 indicabit.
1329 1459 1383 1504 In
1413 1459 1518 1504 acti·
1543 1481 1581 1509 ,ο

130 1517 284 1559 onibus
323 1518 436 1560 enim
474 1520 705 1574 utramque
747 1519 793 1562 in
830 1523 999 1576 partem
1037 1521 1217 1565 fortuna
1247 1520 1518 1565 dominatur:

130 1577 316 1619 multum
343 1579 732 1623 commendationis
759 1583 802 1624 et
827 1581 1019 1624 detrahit
1051 1585 1095 1625 et
1120 1582 1264 1626 adfert
1294 1582 1519 1639 memoria,

129 1651 233 1691 vox,
277 1641 445 1694 gestus,
487 1643 659 1696 tempus
701 1641 864 1698 ipsum,
908 1646 1133 1698 postremo
1174 1643 1247 1687 vel
1287 1658 1412 1687 amor
1447 1643 1520 1687 vel

130 1697 279 1740 odium
310 1699 391 1754 rei3
423 1700 533 1742 liber
566 1702 756 1757 offensis,
787 1703 898 1746 liber
923 1704 1076 1761 gratia,
1107 1703 1222 1748 liber
1245 1706 1291 1748 et
1315 1703 1518 1748 secundis

82 1770 104 1802 4
130 1758 300 1801 casibus
343 1762 386 1801 et
426 1760 615 1804 adversis
658 1766 785 1806 caret.
860 1763 1108 1820 Respondit
1154 1764 1266 1808 mihi
1306 1764 1518 1809 Fonteius
1543 1786 1580 1815 25

129 1818 328 1876 Magnus,
360 1835 470 1863 unus
497 1836 550 1864 ex
575 1822 791 1879 Bithynis,
823 1825 1026 1880 plurimis
1051 1826 1209 1882 verbis,
1240 1826 1518 1883 paucissimis
1570 1847 1573 1850 >

130 1879 271 1923 rebus.
333 1880 415 1923 Est
445 1882 663 1938 plerisque
698 1884 958 1929 Graecorum
991 1890 1042 1930 ut
1073 1887 1140 1930 illi
1171 1902 1252 1944 pro
1285 1887 1414 1944 copia
1443 1902 1518 1931 vo-

129 1940 344 1983 lubilitas:
400 1944 490 1984 tam
535 1943 688 2000 longas
733 1948 910 2002 tamque
954 1948 1137 2005 frigidas
1182 1948 1386 2005 periodos
1427 1963 1518 1992 uno

82 2012 104 2044 5
131 2001 288 2056 spiritu
320 2003 444 2056 quasi
475 2006 666 2047 torrente
699 2009 1000 2063 contorquent.
1062 2007 1217 2065 Itaque
1242 2008 1382 2054 Iulius
1402 2007 1520 2053 Gan-

130 2060 256 2104 didus
297 2077 386 2104 non
424 2064 651 2107 invenuste
694 2067 805 2109 solet
845 2068 987 2112 dicere
1028 2070 1147 2113 aliud
1186 2084 1280 2114 esse
1311 2071 1518 2127 eloquen-
1543 2091 1580 2118 so

129 2121 255 2178 tiam⁷
297 2123 414 2166 aliud
446 2125 726 2180 loquentiam.
789 2127 904 2171 Nam
938 2130 1190 2186 eloquentia
1219 2131 1295 2174 vix
1332 2130 1409 2174 uni
1441 2133 1519 2174 aut

131 2183 275 2238 alteri,
315 2184 467 2241 immo,
510 2186 546 2228 si
578 2185 636 2228 M.
668 2186 862 2231 Antonio
905 2190 1140 2248 credimus,
1183 2191 1369 2248 nemini,
1408 2191 1518 2235 haec

229 2306 273 2337 12
301 2301 474 2339 Cornelio
507 2316 552 2340 ex
583 2306 630 2342 R.
742 2311 786 2342 13
813 2309 859 2352 Cf·
882 2310 964 2345 Iuv.
986 2311 1053 2346 1V
1069 2316 1101 2347 1.
1129 2333 1173 2338 —
1213 2311 1334 2348 etiam
1367 2323 1442 2358 pro
1479 2313 1519 2348 et

130 2350 277 2395 C'atan„
303 2352 354 2387 K.
375 2353 408 2388 Ι.
535 2357 578 2389 17
606 2353 680 2390 sibi
704 2356 874 2401 undique
902 2359 961 2402 M,
987 2359 1062 2395 sibi
1086 2361 1222 2406 utique
1248 2362 1318 2406 (vel
1341 2360 1519 2406 invicem,

129 2400 177 2444 cf.
199 2399 257 2436 Vl
271 2402 332 2444 29,
352 2403 410 2447 11)
432 2401 574 2449 Stangl.
676 2407 720 2439 22
741 2404 910 2442 detrahit
929 2407 969 2442 D
976 2419 1086 2453 pra,
1107 2409 1227 2445 deicit
1247 2411 1306 2446 M.
1401 2412 1448 2446 28
1467 2409 1518 2446 ri-

129 2447 239 2494 gidas
266 2448 341 2494 Dp
351 2462 385 2486 a.
487 2454 530 2486 31
558 2452 605 2495 cf.
629 2452 702 2488 Cic.
723 2453 767 2489 de
786 2465 836 2490 or.
866 2456 893 2490 I
912 2458 973 2500 21,
999 2460 1067 2501 94,·
1093 2462 1186 2494 orat.
1213 2461 1249 2502 5,
1275 2461 1334 2495 18.
