1630 2678
0 0 64 105 ,Γ

542 125 899 163 EPISTULARUM
924 126 978 163 vl
1005 130 1062 163 16.
1411 128 1498 174 157

0 262 2 264 v
99 239 247 283 certus
274 237 427 297 fugae,
458 237 496 281 si
522 239 768 282 contrarius
794 240 951 282 ventus
976 238 1227 295 resedisset3
1272 254 1360 296 quo
1393 242 1500 284 tunc

100 299 347 344 avunculus
397 314 522 343 meus
567 299 884 343 secundissimo
935 300 1135 344 invectus
1187 301 1500 357 complectitur

99 359 408 418 trepidantem,
439 361 711 417 consolatur,
743 361 966 415 hortatur,
997 363 1134 418 utque
1166 362 1372 406 timorem
1404 362 1497 407 eius

98 433 180 466 sua
209 421 445 466 securitate
476 422 654 478 leniret,
684 422 844 465 deferri
876 423 923 465 in
954 421 1178 466 balineum
1211 422 1352 467 iubet:
1377 423 1497 468 lotus

52 501 72 530 s
96 482 301 541 mouban,
326 486 455 527 cenat
480 486 558 526 aut
581 483 734 527 hilaris
754 485 850 539 aut,
876 483 995 540 quod
1020 487 1087 527 est
1112 499 1249 541 aeque
1275 499 1499 543 magnum,

97 543 258 588 similis
287 544 432 588 hilari.
495 543 679 588 Interim
711 560 734 588 e
763 544 957 588 Vesuvio
984 547 1134 589 monte
1159 545 1362 602 pluribus
1387 547 1497 591 locis
1525 557 1570 590 13

95 604 336 650 latissimae
355 605 559 649 fiammae
579 605 755 663 altaque
775 605 978 649 incendia
1002 607 1274 663 relucebant,
1309 621 1498 663 quorum

95 666 248 726 fulgor
271 672 317 711 et
335 667 512 711 claritas
537 666 731 711 tenebris
756 667 901 711 noctis
928 667 1214 711 excitabatur.
1270 667 1352 712 Ille
1378 683 1499 727 agre-

94 728 232 772 stium
261 728 555 786 trepidatione
587 728 712 787 ignes
743 728 921 772 relictos
954 729 1238 785 desertasque
1259 729 1388 774 villas
1421 745 1500 787 per

35 805 75 834 ιο
98 789 384 834 solitudinem
425 789 576 833 ardere
612 790 660 833 in
690 790 934 833 remedium
972 790 1222 834 formidinis
1255 791 1497 835 dictitabat.

94 849 210 894 Tum
235 866 282 895 se
308 850 447 908 quieti
473 850 594 894 dedit
613 854 657 895 et
683 850 851 907 quievit
869 851 1099 894 verissimo
1126 851 1303 908 quidem
1330 867 1498 897 somno.

96 910 214 956 Nam
253 914 424 956 meatus
463 912 655 969 animae,
699 912 776 968 qui
821 912 887 955 illi
931 915 1116 969 propter
1159 913 1498 970 amplitudinem

97 973 296 1031 corporis
328 973 506 1031 gravior
543 976 588 1016 et
625 973 855 1017 sonantior
887 976 1000 1030 erat,
1041 974 1096 1017 ab
1128 974 1201 1029 iis,
1245 975 1321 1031 qui
1353 975 1498 1019 limini

94 1033 460 1091 obversabantur,
502 1034 771 1078 audiebatur.
845 1033 931 1078 Sed
972 1050 1091 1091 area,
1131 1051 1185 1079 ex
1227 1051 1313 1092 qua
1354 1036 1499 1080 diaeta
1525 1047 1571 1081 14

30 1111 70 1140 u
94 1094 314 1152 adibatur,
356 1095 419 1139 ita
450 1096 537 1139 iam
577 1096 721 1139 cinere
753 1096 991 1153 mixtisque
1030 1097 1279 1153 pumicibus
1319 1098 1499 1155 oppleta

94 1159 364 1214 surrexerat,
394 1159 463 1213 ut,
495 1157 533 1200 si
558 1157 736 1216 longior
767 1158 814 1200 in
840 1158 1045 1202 cubiculo
1073 1173 1216 1214 mora,
1250 1159 1392 1202 exitus
1425 1174 1497 1202 ne-

93 1220 283 1276 garetur.
345 1218 578 1262 Excitatus
604 1218 805 1275 procedit
830 1234 964 1276 seque
990 1218 1296 1275 Pomponiano
1324 1221 1497 1264 ceteris-

94 1293 199 1336 que,
219 1280 298 1337 qui
316 1279 707 1338 pervigilaverant,
725 1280 880 1324 reddit.
912 1279 965 1323 In
985 1295 1217 1326 commune
1231 1282 1498 1338 consultant,
1523 1291 1569 1325 15

93 1340 210 1384 intra
251 1344 370 1385 tecta
411 1341 655 1385 subsistant
699 1357 755 1384 an
800 1342 846 1384 in
890 1345 1043 1398 aperto
1088 1345 1315 1399 vagentur.
1379 1342 1496 1386 Nam

31 1417 69 1445 so
93 1401 257 1446 crebris
294 1401 519 1459 vastisque
557 1403 823 1446 tremoribus
862 1405 979 1446 tecta
1019 1403 1238 1446 nutabant
1281 1407 1326 1447 et
1371 1404 1496 1460 quasi

93 1465 241 1507 emota
265 1463 441 1507 sedibus
475 1463 566 1507 suis
598 1479 716 1508 nunc
742 1464 846 1519 huc,
879 1479 998 1507 nunc
1030 1465 1136 1507 illuc
1169 1465 1290 1508 abire
1323 1468 1400 1508 aut
1431 1480 1496 1508 re—

91 1523 197 1568 ferri
237 1524 509 1568 videbantur.
575 1524 667 1569 Sub
710 1525 782 1568 dio
824 1540 975 1568 rursus
1022 1540 1289 1582 quamquam
1329 1527 1495 1570 levium
1524 1537 1568 1570 16

91 1599 411 1643 exesorumque
442 1586 668 1643 pumicum
702 1601 828 1629 casus
862 1586 1158 1642 metuebatur3
1197 1587 1315 1643 quod
1346 1590 1495 1631 tamen

92 1646 389 1704 periculorum
431 1648 610 1691 collatio
662 1648 807 1705 elegit.
872 1647 931 1690 Et
981 1647 1099 1704 apud
1144 1648 1269 1691 illum
1316 1648 1493 1705 quidem

29 1723 67 1753 ss
90 1707 205 1752 ratio
237 1708 476 1764 rationem,
516 1708 634 1765 apud
667 1709 777 1751 alios
810 1707 1015 1752 timorem
1048 1709 1182 1753 timor
1213 1709 1331 1753 vicit.
1396 1709 1493 1753 Cer·

91 1769 251 1814 vicalia
284 1769 501 1826 capitibus
535 1769 743 1826 imposita
775 1769 922 1813 linteis
956 1770 1284 1829 constringunt3
1324 1771 1368 1814 id
1402 1786 1494 1814 mu-

79 1829 339 1882 nimentum
359 1829 566 1874 adversus
587 1830 826 1874 incidentia
851 1830 947 1874 fuit.
1012 1830 1104 1875 Iam
1131 1831 1223 1875 dies
1251 1832 1374 1886 alibi,
1402 1833 1494 1876 illic
1522 1843 1566 1877 17

92 1905 183 1934 nox
215 1891 419 1935 omnibus
445 1891 651 1935 noctibus
677 1892 848 1950 nigrior
873 1891 1154 1949 densiorque3
1188 1908 1319 1949 quam
1346 1896 1494 1936 tamen

0 1981 3 1988 ·
90 1951 207 1996 faces
228 1953 391 1996 multae
412 1953 619 2009 variaque
638 1952 807 1996 lumina
827 1954 1093 1997 solabantur.
1152 1954 1326 1997 Placuit
1345 1954 1495 2012 egredi

29 2029 67 2056 ω
91 2013 138 2057 in
169 2012 276 2057 litus
309 2016 353 2057 et
385 2028 439 2056 ex
471 2013 673 2070 proximo
707 2014 918 2071 aspicere,
958 2015 1114 2072 ecquid
1149 2016 1252 2058 iam·
1271 2031 1387 2059 mare
1421 2015 1493 2058 ad-

26 2080 27 2085 ’
88 2074 304 2130 'mitteret3
338 2074 456 2131 quod
483 2074 627 2118 adhuc
659 2078 832 2119 vastum
867 2079 911 2119 et
934 2076 1165 2120 adversum
1194 2077 1492 2133 permanebat.

0 2151 3 2187 ξ
88 2134 159 2179 Ibi
177 2150 309 2192 super
328 2136 549 2179 abiectum
574 2136 760 2180 linteum
782 2137 995 2181 recubans
1025 2139 1159 2181 semel
1179 2141 1311 2194 atque
1334 2138 1491 2181 iterum
1521 2149 1565 2183 18

0 2189 9 2267 ᾗ
90 2196 297 2255 frigidam
331 2198 538 2254 poposcit
562 2196 808 2254 hausitque.
874 2197 1041 2242 Deinde
1069 2199 1271 2242 flammae
1299 2199 1492 2243 flamma-

189 2308 212 2341 δ
238 2306 426 2351 cenatque
454 2307 522 2340 aut
551 2306 636 2341 Otto
659 2307 744 2350 303,
770 2307 885 2342 cenat
910 2308 1026 2352 atque
1047 2318 1151 2353 pra.
1271 2310 1292 2342 6
1320 2306 1360 2342 in
1387 2306 1481 2343 locis

92 2353 152 2400 M,
178 2354 243 2399 K„
270 2355 403 2399 Mena,
429 2354 468 2390 in
495 2366 563 2390 om.
592 2354 632 2390 D
678 2366 750 2399 ra,
779 2356 874 2399 Otto,
904 2356 1036 2392 Muell.
1145 2359 1164 2390 7
1194 2355 1349 2402 altaque
1378 2356 1492 2399 Ml),

91 2403 210 2488 8ῦῆυο
229 2413 334 2450 pra.
424 2407 467 2439 18
494 2403 642 2459 pervigi
660 2405 773 2439 arant
800 2404 839 2440 D
848 2416 950 2451 pra.
1038 2409 1083 2440 24
1111 2404 1369 2451 periculorum
1393 2406 1442 2442 M
1449 2417 1492 2449 a,

0 2447 11 2544 ι
89 2461 155 2488 ma
170 2462 278 2489 orum
300 2452 415 2499 Dpr.
515 2456 559 2487 33
588 2452 676 2500 frig.
697 2464 835 2499 aquam
858 2456 936 2500 Mp
947 2466 977 2497 r,
1003 2454 1052 2490 K.
1071 2456 1098 2497 1,
1127 2454 1192 2490 sed
1211 2455 1258 2500 cf.
1288 2455 1360 2491 111
1377 2457 1411 2499 5,
1434 2458 1490 2491 11.
