1716 2736
169 143 260 189 292
600 138 639 176 c.
666 137 804 175 PLINI
831 137 896 174 ET
923 135 1138 173 TRAIANI

704 269 812 310 mx.
847 265 1058 322 [van]

447 360 489 396 C.
509 359 716 395 PLINIUS
743 358 967 394 TRAIANO
988 357 1320 393 IMPERATORI.

264 444 446 490 Flavius
479 442 738 501 Archippus
771 458 852 501 per
884 442 1073 486 salutem
1105 442 1231 485 tuam
1270 440 1598 485 aeternitatem-

173 525 258 567 que
290 507 404 566 petit
437 523 463 551 a
495 522 586 564 me,
611 508 663 550 ut
694 505 920 563 libellum,
953 520 1086 563 quem
1119 503 1232 548 mihi
1271 503 1412 561 dedit,
1450 502 1598 547 mitte-

172 587 265 616 rem
298 570 393 614 tibi.
460 569 589 622 Quod
629 584 713 627 ego
754 568 818 614 sic
855 568 1036 627 roganti
1073 566 1391 626 praestandum
1430 564 1599 624 putavi,
1626 578 1644 606 5

172 635 235 678 ita
279 636 448 691 tamen,
493 635 545 676 ut
588 632 830 676 missurum
876 647 947 676 me
991 633 1150 675 notum
1196 629 1460 675 accusatrici
1504 628 1600 673 eius

172 697 384 755 facerem,
416 712 442 740 a
476 710 563 753 qua
596 697 641 739 et
672 694 771 753 ipsa
803 696 1038 752 acceptum
1064 693 1268 738 libellum
1294 692 1365 737 his
1396 690 1600 749 epistulis

174 759 321 818 iunxi,
354 774 443 817 quo
476 758 654 803 facilius
688 758 813 802 velut
846 757 999 801 audita
1030 759 1221 814 utraque
1255 757 1381 814 parte
1415 753 1601 813 dispice-

172 837 261 882 res,
295 822 403 881 quid
437 821 724 867 statuendum
757 822 951 879 putares.

700 934 799 1004 ix.
834 959 1065 1015 [LXVIII]
1632 968 1668 996 ιο

658 1051 912 1086 TRAIANUS
939 1049 1129 1085 PLINIO.

269 1136 427 1181 Potuit
460 1135 641 1194 quidem
675 1135 907 1194 ignorasse
940 1132 1246 1191 Domitianus,
1279 1132 1328 1176 in
1361 1146 1451 1190 quo
1485 1132 1606 1175 statu

179 1202 294 1246 esset
327 1198 586 1258 Archippus
594 1233 607 1257 ,
638 1213 739 1242 cum
773 1200 866 1242 tam
893 1197 1036 1241 multa
1062 1196 1117 1240 ad
1143 1195 1362 1240 honorem
1389 1194 1485 1239 eius
1511 1209 1608 1251 per-

178 1263 369 1308 tinentia
415 1263 646 1319 scriberet3
693 1261 770 1306 sed
814 1276 939 1305 meae
990 1262 1177 1304 naturae
1229 1256 1609 1303 accommodatius

180 1329 248 1372 est
293 1325 470 1371 credere
523 1323 658 1369 etiam
711 1323 848 1368 statui
893 1323 989 1367 eius
1037 1322 1306 1367 subventum
1354 1320 1610 1365 interventu
1637 1333 1672 1361 ιε

179 1388 415 1449 principis,
456 1387 719 1446 praesertim
764 1402 867 1432 cum
910 1386 1045 1430 etiam
1093 1387 1341 1430 statuarum
1383 1383 1425 1428 ei
1465 1383 1612 1428 honor

179 1452 345 1497 totiens
380 1451 582 1496 decretus
616 1450 675 1495 sit
707 1450 763 1494 ab
794 1450 870 1507 iis,
896 1449 974 1507 qui
999 1463 1088 1493 non
1113 1447 1395 1508 ignorabant,
1421 1444 1531 1504 quid
1557 1445 1611 1490 de

181 1516 260 1560 illo
294 1514 461 1559 Paulus
495 1513 740 1572 proconsul
772 1512 1118 1571 pronuntiasset.
1185 1510 1307 1564 Quae
1346 1512 1518 1567 tamen,
1550 1507 1612 1553 mi

183 1577 386 1623 Secunde
421 1577 669 1634 carissime,
700 1591 795 1621 non
827 1591 878 1620 eo
919 1574 1166 1633 pertinent,
1204 1575 1275 1631 ut,
1314 1572 1352 1618 si
1396 1571 1506 1631 quid
1544 1570 1614 1616 illi

182 1641 289 1686 novi
322 1640 521 1686 criminis
556 1639 770 1697 obicitur,
802 1639 952 1683 minus
987 1638 1040 1682 de
1074 1652 1125 1681 eo
1160 1635 1431 1680 audiendum
1469 1636 1611 1694 putes.
1639 1649 1676 1678 20

183 1704 382 1749 Libellos
422 1702 582 1747 Furiae
625 1701 802 1746 Primae
845 1699 1151 1758 accusatricis,
1193 1699 1302 1744 item
1345 1697 1488 1757 ipsius
1531 1695 1613 1742 Ar-

185 1766 359 1825 chippi,
392 1782 504 1824 quos
539 1765 667 1810 alteri
701 1765 919 1823 epistulae
951 1766 1055 1808 tuae
1088 1763 1316 1821 iunxeras,
1347 1759 1451 1820 legi.

735 1907 841 1948 LXI.
878 1904 1061 1959 [LXIX]

462 1997 504 2031 C.
526 1997 730 2032 PLINIUS
759 1996 983 2031 TRAIANO
1012 1994 1346 2029 IMPERATORI.

140 2095 159 2128 1
282 2080 351 2125 Tu
397 2080 597 2138 quidem,
642 2080 841 2138 domine,
892 2077 1283 2138 providentissime
1328 2075 1514 2134 vereris,
1561 2090 1617 2119 ne
1644 2065 1716 2147 2ῡὲ

189 2143 453 2189 commissus
480 2143 657 2187 flumini
684 2146 817 2200 atque
844 2142 909 2186 ita
934 2142 1047 2186 mari
1073 2142 1197 2186 lacus
1225 2140 1400 2198 effluat,
1427 2138 1503 2183 sed
1533 2153 1617 2196 ego

188 2207 237 2251 in
268 2222 316 2250 re
348 2206 571 2264 praesenti
598 2206 820 2250 invenisse
853 2204 1026 2262 videor,
1061 2219 1194 2262 quem
1220 2203 1276 2247 ad
1303 2201 1487 2247 modum
1511 2201 1620 2246 huic
1708 2193 1716 2256 Ξ

140 2284 161 2316 2
189 2269 388 2328 periculo
417 2284 705 2313 occurrerem.
771 2268 925 2313 Potest
951 2268 1071 2312 enim
1096 2268 1220 2312 lacus
1247 2266 1369 2310 fossa
1394 2272 1537 2322 usque
1563 2263 1619 2308 ad
1708 2258 1716 2267 ‘⁴

190 2332 358 2377 flumen
392 2331 553 2376 adduci
584 2346 667 2375 nec
699 2333 851 2375 tamen
883 2331 931 2374 in
964 2331 1133 2374 flumen
1166 2329 1332 2386 emitti,
1358 2327 1435 2374 sed
1461 2326 1618 2371 relicto

193 2395 321 2453 quasi
363 2394 563 2454 margine
608 2394 827 2438 contineri
870 2394 1039 2452 pariter
1082 2395 1126 2437 et
1164 2391 1326 2436 dirimi.
1393 2388 1468 2435 Sic
1517 2404 1621 2434 con·
1647 2403 1683 2431 ³0

296 2550 340 2583 17
368 2557 447 2582 non
474 2546 563 2582 add.
586 2546 803 2582 Ernestius.
909 2547 955 2580 28
984 2542 1166 2580 cuniculo
1187 2553 1263 2590 pro
1288 2540 1464 2589 periculo
1492 2540 1542 2578 A.
