<?xml version="1.0" encoding="UTF-8"?>
<!DOCTYPE html PUBLIC "-//W3C//DTD XHTML 1.0 Transitional//EN"
    "http://www.w3.org/TR/xhtml1/DTD/xhtml1-transitional.dtd">
<html xmlns="http://www.w3.org/1999/xhtml" xml:lang="en" lang="en">
 <head>
  <title>
</title>
<meta http-equiv="Content-Type" content="text/html;charset=utf-8" />
  <meta name='ocr-system' content='tesseract 3.04.00' />
  <meta name='ocr-capabilities' content='ocr_page ocr_carea ocr_par ocr_line ocrx_word'/>
</head>
<body>
  <div class='ocr_page' id='page_1' title='image "./epistularumlibr00plin_0038.png"; bbox 0 0 1630 2678; ppageno 0'>
   <div class='ocr_carea' id='block_1_1' title="bbox 145 99 931 159">
    <p class='ocr_par' dir='ltr' id='par_1_1' title="bbox 145 99 931 159">
     <span class='ocr_line' id='line_1_1' title="bbox 145 99 931 159; baseline -0.014 -13"><span class='ocrx_word' id='word_1_1' title='bbox 145 114 202 159; x_wconf 84' lang='lat'><strong>22</strong></span> <span class='ocrx_word' id='word_1_2' title='bbox 734 102 771 139; x_wconf 83' lang='lat' dir='ltr'><strong>e.</strong></span> <span class='ocrx_word' id='word_1_3' title='bbox 799 99 931 137; x_wconf 83' lang='lat' dir='ltr'>PL1N1</span> 
     </span>
    </p>
   </div>
   <div class='ocr_carea' id='block_1_2' title="bbox 99 205 1531 447">
    <p class='ocr_par' dir='ltr' id='par_1_2' title="bbox 147 205 1531 339">
     <span class='ocr_line' id='line_1_2' title="bbox 147 205 1530 271; baseline -0.013 -6"><span class='ocrx_word' id='word_1_4' title='bbox 147 220 375 264; x_wconf 88' lang='lat' dir='ltr'><strong>admonere</strong></span> <span class='ocrx_word' id='word_1_5' title='bbox 420 218 637 271; x_wconf 84' lang='lat' dir='ltr'><strong>deberem,</strong></span> <span class='ocrx_word' id='word_1_6' title='bbox 680 214 765 258; x_wconf 92' lang='lat' dir='ltr'><strong>nisi</strong></span> <span class='ocrx_word' id='word_1_7' title='bbox 810 211 962 256; x_wconf 88' lang='lat' dir='ltr'><strong>scirem</strong></span> <span class='ocrx_word' id='word_1_8' title='bbox 1003 210 1159 266; x_wconf 89' lang='lat' dir='ltr'><strong>sponte</strong></span> <span class='ocrx_word' id='word_1_9' title='bbox 1196 206 1437 261; x_wconf 86' lang='lat' dir='ltr'><strong>facturum,</strong></span> <span class='ocrx_word' id='word_1_10' title='bbox 1478 205 1530 248; x_wconf 84' lang='lat' dir='ltr'><strong>ut</strong></span> 
     </span>
     <span class='ocr_line' id='line_1_3' title="bbox 148 264 1531 339; baseline -0.012 -14"><span class='ocrx_word' id='word_1_11' title='bbox 148 282 356 339; x_wconf 72' lang='lat' dir='ltr'><strong>dignitate</strong></span> <span class='ocrx_word' id='word_1_12' title='bbox 389 295 413 323; x_wconf 86' lang='lat' dir='ltr'><strong>a</strong></span> <span class='ocrx_word' id='word_1_13' title='bbox 445 294 511 322; x_wconf 93' lang='lat' dir='ltr'><strong>me</strong></span> <span class='ocrx_word' id='word_1_14' title='bbox 544 278 644 320; x_wconf 90' lang='lat' dir='ltr'><strong>data</strong></span> <span class='ocrx_word' id='word_1_15' title='bbox 676 290 804 332; x_wconf 89' lang='lat' dir='ltr'><strong>quam</strong></span> <span class='ocrx_word' id='word_1_16' title='bbox 839 269 1158 316; x_wconf 88' lang='lat' dir='ltr'><strong>modestissime</strong></span> <span class='ocrx_word' id='word_1_17' title='bbox 1189 269 1241 311; x_wconf 90' lang='lat' dir='ltr'><strong>ut</strong></span> <span class='ocrx_word' id='word_1_18' title='bbox 1271 282 1298 310; x_wconf 85' lang='lat' dir='ltr'><strong>a</strong></span> <span class='ocrx_word' id='word_1_19' title='bbox 1319 274 1399 310; x_wconf 66' lang='lat' dir='ltr'><strong>³me</strong></span> <span class='ocrx_word' id='word_1_20' title='bbox 1427 264 1531 309; x_wconf 81' lang='lat' dir='ltr'><strong>data</strong></span> 
     </span>
    </p>

    <p class='ocr_par' dir='ltr' id='par_1_3' title="bbox 99 326 1529 447">
     <span class='ocr_line' id='line_1_4' title="bbox 99 326 1529 390; baseline -0.013 -3"><span class='ocrx_word' id='word_1_21' title='bbox 99 358 122 390; x_wconf 79' lang='lat'>4</span> <span class='ocrx_word' id='word_1_22' title='bbox 147 347 278 386; x_wconf 90' lang='lat' dir='ltr'><strong>utare.</strong></span> <span class='ocrx_word' id='word_1_23' title='bbox 335 340 447 383; x_wconf 87' lang='lat' dir='ltr'><strong>Nam</strong></span> <span class='ocrx_word' id='word_1_24' title='bbox 481 337 709 382; x_wconf 74' lang='lat' dir='ltr'><strong>sollicitius</strong></span> <span class='ocrx_word' id='word_1_25' title='bbox 741 332 1049 379; x_wconf 87' lang='lat' dir='ltr'><strong>custodiendus</strong></span> <span class='ocrx_word' id='word_1_26' title='bbox 1082 332 1148 374; x_wconf 87' lang='lat' dir='ltr'><strong>est</strong></span> <span class='ocrx_word' id='word_1_27' title='bbox 1174 329 1338 384; x_wconf 88' lang='lat' dir='ltr'><strong>honor,</strong></span> <span class='ocrx_word' id='word_1_28' title='bbox 1367 326 1416 371; x_wconf 87' lang='lat' dir='ltr'><strong>in</strong></span> <span class='ocrx_word' id='word_1_29' title='bbox 1440 340 1529 384; x_wconf 88' lang='lat' dir='ltr'><strong>quo</strong></span> 
     </span>
     <span class='ocr_line' id='line_1_5' title="bbox 147 389 1260 447; baseline -0.013 -1"><span class='ocrx_word' id='word_1_30' title='bbox 147 403 276 447; x_wconf 89' lang='lat' dir='ltr'><strong>etiam</strong></span> <span class='ocrx_word' id='word_1_31' title='bbox 309 400 563 444; x_wconf 87' lang='lat' dir='ltr'><strong>beneficium</strong></span> <span class='ocrx_word' id='word_1_32' title='bbox 597 396 724 441; x_wconf 90' lang='lat' dir='ltr'><strong>amici</strong></span> <span class='ocrx_word' id='word_1_33' title='bbox 755 394 965 439; x_wconf 89' lang='lat' dir='ltr'><strong>tuendum</strong></span> <span class='ocrx_word' id='word_1_34' title='bbox 998 395 1075 435; x_wconf 88' lang='lat' dir='ltr'><strong>est.</strong></span> <span class='ocrx_word' id='word_1_35' title='bbox 1138 389 1260 434; x_wconf 88' lang='lat' dir='ltr'><strong>Vale.</strong></span> 
     </span>
    </p>
   </div>
   <div class='ocr_carea' id='block_1_3' title="bbox 371 509 1572 620">
    <p class='ocr_par' dir='ltr' id='par_1_4' title="bbox 371 509 1572 620">
     <span class='ocr_line' id='line_1_6' title="bbox 791 509 1572 547; baseline -0.013 0"><span class='ocrx_word' id='word_1_36' title='bbox 791 509 876 547; x_wconf 88' lang='lat' dir='ltr'><strong>XX.</strong></span> <span class='ocrx_word' id='word_1_37' title='bbox 1556 509 1572 537; x_wconf 75' lang='lat'>⁵</span> 
     </span>
     <span class='ocr_line' id='line_1_7' title="bbox 371 576 1304 620; baseline -0.01 0"><span class='ocrx_word' id='word_1_38' title='bbox 371 587 410 620; x_wconf 87' lang='lat' dir='ltr'><strong>C.</strong></span> <span class='ocrx_word' id='word_1_39' title='bbox 433 585 632 620; x_wconf 82' lang='lat' dir='ltr'>PLINIUS</span> <span class='ocrx_word' id='word_1_40' title='bbox 660 583 908 617; x_wconf 83' lang='lat' dir='ltr'>CORNELIO</span> <span class='ocrx_word' id='word_1_41' title='bbox 936 579 1116 614; x_wconf 84' lang='lat' dir='ltr'>TACITO</span> <span class='ocrx_word' id='word_1_42' title='bbox 1144 577 1238 612; x_wconf 80' lang='lat' dir='ltr'><strong>SUO</strong></span> <span class='ocrx_word' id='word_1_43' title='bbox 1267 576 1304 611; x_wconf 78' lang='lat' dir='ltr'><strong>S.</strong></span> 
     </span>
    </p>
   </div>
   <div class='ocr_carea' id='block_1_4' title="bbox 103 643 1608 2293">
    <p class='ocr_par' dir='ltr' id='par_1_5' title="bbox 104 643 1534 772">
     <span class='ocr_line' id='line_1_8' title="bbox 104 643 1532 712; baseline -0.011 -10"><span class='ocrx_word' id='word_1_44' title='bbox 104 672 121 703; x_wconf 87' lang='lat'>1</span> <span class='ocrx_word' id='word_1_45' title='bbox 246 656 464 712; x_wconf 81' lang='lat' dir='ltr'><strong>Frequens</strong></span> <span class='ocrx_word' id='word_1_46' title='bbox 498 652 606 697; x_wconf 88' lang='lat' dir='ltr'><strong>mihi</strong></span> <span class='ocrx_word' id='word_1_47' title='bbox 645 650 884 708; x_wconf 87' lang='lat' dir='ltr'><strong>disputatio</strong></span> <span class='ocrx_word' id='word_1_48' title='bbox 929 651 994 693; x_wconf 91' lang='lat' dir='ltr'><strong>est</strong></span> <span class='ocrx_word' id='word_1_49' title='bbox 1032 662 1129 691; x_wconf 90' lang='lat' dir='ltr'><strong>cum</strong></span> <span class='ocrx_word' id='word_1_50' title='bbox 1171 645 1363 702; x_wconf 85' lang='lat' dir='ltr'><strong>quodam</strong></span> <span class='ocrx_word' id='word_1_51' title='bbox 1399 643 1532 689; x_wconf 88' lang='lat' dir='ltr'><strong>docto</strong></span> 
     </span>
     <span class='ocr_line' id='line_1_9' title="bbox 152 705 1534 772; baseline -0.009 -11"><span class='ocrx_word' id='word_1_52' title='bbox 152 717 324 761; x_wconf 90' lang='lat' dir='ltr'><strong>homine</strong></span> <span class='ocrx_word' id='word_1_53' title='bbox 356 719 399 759; x_wconf 89' lang='lat' dir='ltr'><strong>et</strong></span> <span class='ocrx_word' id='word_1_54' title='bbox 424 715 583 772; x_wconf 88' lang='lat' dir='ltr'><strong>perito,</strong></span> <span class='ocrx_word' id='word_1_55' title='bbox 616 713 686 757; x_wconf 91' lang='lat' dir='ltr'><strong>cui</strong></span> <span class='ocrx_word' id='word_1_56' title='bbox 717 712 829 755; x_wconf 84' lang='lat' dir='ltr'><strong>nihil</strong></span> <span class='ocrx_word' id='word_1_57' title='bbox 861 725 997 767; x_wconf 91' lang='lat' dir='ltr'><strong>aeque</strong></span> <span class='ocrx_word' id='word_1_58' title='bbox 1029 709 1075 751; x_wconf 91' lang='lat' dir='ltr'><strong>in</strong></span> <span class='ocrx_word' id='word_1_59' title='bbox 1106 706 1249 752; x_wconf 90' lang='lat' dir='ltr'><strong>causis</strong></span> <span class='ocrx_word' id='word_1_60' title='bbox 1275 705 1458 765; x_wconf 80' lang='lat' dir='ltr'><strong>agendis</strong></span> <span class='ocrx_word' id='word_1_61' title='bbox 1482 707 1534 749; x_wconf 90' lang='lat' dir='ltr'><strong>ut</strong></span> 
     </span>
    </p>

    <p class='ocr_par' dir='ltr' id='par_1_6' title="bbox 103 769 1595 1017">
     <span class='ocr_line' id='line_1_10' title="bbox 103 769 1534 833; baseline -0.008 -11"><span class='ocrx_word' id='word_1_62' title='bbox 103 793 123 824; x_wconf 81' lang='lat'><strong>2</strong></span> <span class='ocrx_word' id='word_1_63' title='bbox 150 778 335 821; x_wconf 87' lang='lat' dir='ltr'><strong>brevitas</strong></span> <span class='ocrx_word' id='word_1_64' title='bbox 379 777 532 833; x_wconf 86' lang='lat' dir='ltr'><strong>placet.</strong></span> <span class='ocrx_word' id='word_1_65' title='bbox 603 773 741 826; x_wconf 88' lang='lat' dir='ltr'><strong>Quam</strong></span> <span class='ocrx_word' id='word_1_66' title='bbox 790 787 870 830; x_wconf 86' lang='lat' dir='ltr'><strong>ego</strong></span> <span class='ocrx_word' id='word_1_67' title='bbox 910 769 1240 815; x_wconf 73' lang='lat' dir='ltr'><strong>custodiendam</strong></span> <span class='ocrx_word' id='word_1_68' title='bbox 1285 781 1380 812; x_wconf 82' lang='lat' dir='ltr'><strong>esse</strong></span> <span class='ocrx_word' id='word_1_69' title='bbox 1431 781 1534 811; x_wconf 87' lang='lat' dir='ltr'><strong>con-</strong></span> 
     </span>
     <span class='ocr_line' id='line_1_11' title="bbox 150 829 1595 894; baseline -0.008 -12"><span class='ocrx_word' id='word_1_70' title='bbox 150 840 290 894; x_wconf 91' lang='lat' dir='ltr'><strong>fiteor,</strong></span> <span class='ocrx_word' id='word_1_71' title='bbox 317 838 354 881; x_wconf 90' lang='lat' dir='ltr'><strong>si</strong></span> <span class='ocrx_word' id='word_1_72' title='bbox 368 852 497 881; x_wconf 86' lang='lat' dir='ltr'><strong>causa</strong></span> <span class='ocrx_word' id='word_1_73' title='bbox 509 836 749 893; x_wconf 87' lang='lat' dir='ltr'><strong>permittat:</strong></span> <span class='ocrx_word' id='word_1_74' title='bbox 776 832 941 889; x_wconf 80' lang='lat' dir='ltr'><strong>alioqui</strong></span> <span class='ocrx_word' id='word_1_75' title='bbox 966 829 1280 888; x_wconf 76' lang='lat' dir='ltr'><strong>praevaricatio</strong></span> <span class='ocrx_word' id='word_1_76' title='bbox 1305 830 1374 874; x_wconf 76' lang='lat' dir='ltr'><strong>est</strong></span> <span class='ocrx_word' id='word_1_77' title='bbox 1389 829 1534 872; x_wconf 77' lang='lat' dir='ltr'><strong>trans-</strong></span> <span class='ocrx_word' id='word_1_78' title='bbox 1559 839 1595 866; x_wconf 88' lang='lat'><strong>1⁰</strong></span> 
     </span>
     <span class='ocr_line' id='line_1_12' title="bbox 150 889 1535 954; baseline -0.007 -11"><span class='ocrx_word' id='word_1_79' title='bbox 150 899 211 942; x_wconf 93' lang='lat' dir='ltr'><strong>ire</strong></span> <span class='ocrx_word' id='word_1_80' title='bbox 258 898 456 954; x_wconf 88' lang='lat' dir='ltr'><strong>dicenda,</strong></span> <span class='ocrx_word' id='word_1_81' title='bbox 508 895 820 954; x_wconf 73' lang='lat' dir='ltr'><strong>praevaricatio</strong></span> <span class='ocrx_word' id='word_1_82' title='bbox 868 894 998 937; x_wconf 90' lang='lat' dir='ltr'><strong>etiam</strong></span> <span class='ocrx_word' id='word_1_83' title='bbox 1049 891 1211 936; x_wconf 88' lang='lat' dir='ltr'><strong>cursim</strong></span> <span class='ocrx_word' id='word_1_84' title='bbox 1255 892 1300 934; x_wconf 87' lang='lat' dir='ltr'><strong>et</strong></span> <span class='ocrx_word' id='word_1_85' title='bbox 1341 889 1535 934; x_wconf 81' lang='lat' dir='ltr'><strong>breviter</strong></span> 
     </span>
     <span class='ocr_line' id='line_1_13' title="bbox 150 949 1536 1017; baseline -0.006 -14"><span class='ocrx_word' id='word_1_86' title='bbox 150 961 381 1017; x_wconf 87' lang='lat' dir='ltr'><strong>attingere,</strong></span> <span class='ocrx_word' id='word_1_87' title='bbox 420 973 529 1014; x_wconf 87' lang='lat' dir='ltr'><strong>quae</strong></span> <span class='ocrx_word' id='word_1_88' title='bbox 568 958 655 1000; x_wconf 87' lang='lat' dir='ltr'><strong>sint</strong></span> <span class='ocrx_word' id='word_1_89' title='bbox 692 954 968 1010; x_wconf 89' lang='lat' dir='ltr'><strong>inculcanda,</strong></span> <span class='ocrx_word' id='word_1_90' title='bbox 1006 951 1246 1011; x_wconf 86' lang='lat' dir='ltr'><strong>infigenda,</strong></span> <span class='ocrx_word' id='word_1_91' title='bbox 1284 949 1536 1008; x_wconf 80' lang='lat' dir='ltr'><strong>repetenda.</strong></span> 
     </span>
    </p>

    <p class='ocr_par' dir='ltr' id='par_1_7' title="bbox 104 1008 1535 1136">
     <span class='ocr_line' id='line_1_14' title="bbox 104 1008 1535 1076; baseline -0.007 -11"><span class='ocrx_word' id='word_1_92' title='bbox 104 1034 124 1066; x_wconf 85' lang='lat'><strong>3</strong></span> <span class='ocrx_word' id='word_1_93' title='bbox 150 1020 263 1064; x_wconf 89' lang='lat' dir='ltr'><strong>Nam</strong></span> <span class='ocrx_word' id='word_1_94' title='bbox 295 1020 513 1076; x_wconf 88' lang='lat' dir='ltr'><strong>plerisque</strong></span> <span class='ocrx_word' id='word_1_95' title='bbox 545 1018 743 1075; x_wconf 88' lang='lat' dir='ltr'><strong>longiore</strong></span> <span class='ocrx_word' id='word_1_96' title='bbox 780 1018 968 1059; x_wconf 87' lang='lat' dir='ltr'><strong>tractatu</strong></span> <span class='ocrx_word' id='word_1_97' title='bbox 998 1014 1064 1057; x_wconf 84' lang='lat' dir='ltr'><strong>vis</strong></span> <span class='ocrx_word' id='word_1_98' title='bbox 1104 1013 1319 1071; x_wconf 85' lang='lat' dir='ltr'><strong>quaedam</strong></span> <span class='ocrx_word' id='word_1_99' title='bbox 1350 1014 1396 1056; x_wconf 91' lang='lat' dir='ltr'><strong>et</strong></span> <span class='ocrx_word' id='word_1_100' title='bbox 1425 1008 1535 1070; x_wconf 68' lang='lat' dir='ltr'><strong>pon-x</strong></span> 
     </span>
     <span class='ocr_line' id='line_1_15' title="bbox 151 1073 1534 1136; baseline -0.006 -11"><span class='ocrx_word' id='word_1_101' title='bbox 151 1082 231 1124; x_wconf 88' lang='lat' dir='ltr'><strong>dus</strong></span> <span class='ocrx_word' id='word_1_102' title='bbox 272 1081 455 1136; x_wconf 90' lang='lat' dir='ltr'><strong>accedit,</strong></span> <span class='ocrx_word' id='word_1_103' title='bbox 495 1082 629 1136; x_wconf 92' lang='lat' dir='ltr'><strong>utque</strong></span> <span class='ocrx_word' id='word_1_104' title='bbox 675 1077 847 1134; x_wconf 89' lang='lat' dir='ltr'><strong>corpori</strong></span> <span class='ocrx_word' id='word_1_105' title='bbox 887 1077 1050 1119; x_wconf 87' lang='lat' dir='ltr'><strong>ferrum</strong></span> <span class='ocrx_word' id='word_1_106' title='bbox 1091 1075 1154 1119; x_wconf 86' lang='lat' dir='ltr'><strong>sic</strong></span> <span class='ocrx_word' id='word_1_107' title='bbox 1199 1074 1341 1118; x_wconf 83' lang='lat' dir='ltr'><strong>oratio</strong></span> <span class='ocrx_word' id='word_1_108' title='bbox 1385 1073 1534 1117; x_wconf 83' lang='lat' dir='ltr'><strong>animo</strong></span> 
     </span>
    </p>

    <p class='ocr_par' dir='ltr' id='par_1_8' title="bbox 104 1134 1608 1683">
     <span class='ocr_line' id='line_1_16' title="bbox 104 1134 1597 1198; baseline -0.006 -12"><span class='ocrx_word' id='word_1_109' title='bbox 104 1156 125 1187; x_wconf 78' lang='lat'><strong>4</strong></span> <span class='ocrx_word' id='word_1_110' title='bbox 151 1157 239 1185; x_wconf 90' lang='lat' dir='ltr'><strong>non</strong></span> <span class='ocrx_word' id='word_1_111' title='bbox 271 1142 359 1185; x_wconf 89' lang='lat' dir='ltr'><strong>ictu</strong></span> <span class='ocrx_word' id='word_1_112' title='bbox 393 1141 530 1198; x_wconf 86' lang='lat' dir='ltr'><strong>magis</strong></span> <span class='ocrx_word' id='word_1_113' title='bbox 568 1155 698 1196; x_wconf 90' lang='lat' dir='ltr'><strong>quam</strong></span> <span class='ocrx_word' id='word_1_114' title='bbox 731 1154 852 1182; x_wconf 88' lang='lat' dir='ltr'><strong>mora</strong></span> <span class='ocrx_word' id='word_1_115' title='bbox 883 1137 1159 1194; x_wconf 88' lang='lat' dir='ltr'><strong>imprimitur.</strong></span> <span class='ocrx_word' id='word_1_116' title='bbox 1221 1135 1309 1180; x_wconf 90' lang='lat' dir='ltr'><strong>Hic</strong></span> <span class='ocrx_word' id='word_1_117' title='bbox 1339 1134 1416 1178; x_wconf 88' lang='lat' dir='ltr'><strong>ille</strong></span> <span class='ocrx_word' id='word_1_118' title='bbox 1447 1149 1536 1178; x_wconf 90' lang='lat' dir='ltr'><strong>me·</strong></span> <span class='ocrx_word' id='word_1_119' title='bbox 1561 1144 1597 1172; x_wconf 78' lang='lat'><strong>1⁵</strong></span> 
     </span>
     <span class='ocr_line' id='line_1_17' title="bbox 151 1195 1535 1258; baseline -0.005 -12"><span class='ocrx_word' id='word_1_120' title='bbox 151 1218 249 1246; x_wconf 90' lang='lat' dir='ltr'><strong>cum</strong></span> <span class='ocrx_word' id='word_1_121' title='bbox 288 1201 619 1245; x_wconf 87' lang='lat' dir='ltr'><strong>auctoritatibus</strong></span> <span class='ocrx_word' id='word_1_122' title='bbox 659 1200 751 1258; x_wconf 86' lang='lat' dir='ltr'><strong>agit</strong></span> <span class='ocrx_word' id='word_1_123' title='bbox 789 1214 838 1242; x_wconf 92' lang='lat' dir='ltr'><strong>ac</strong></span> <span class='ocrx_word' id='word_1_124' title='bbox 877 1199 986 1241; x_wconf 92' lang='lat' dir='ltr'><strong>mihi</strong></span> <span class='ocrx_word' id='word_1_125' title='bbox 1019 1213 1072 1241; x_wconf 86' lang='lat' dir='ltr'><strong>ex</strong></span> <span class='ocrx_word' id='word_1_126' title='bbox 1104 1196 1281 1241; x_wconf 82' lang='lat' dir='ltr'><strong>Graecis</strong></span> <span class='ocrx_word' id='word_1_127' title='bbox 1313 1195 1535 1240; x_wconf 87' lang='lat' dir='ltr'><strong>orationes</strong></span> 
     </span>
     <span class='ocr_line' id='line_1_18' title="bbox 152 1257 1536 1319; baseline -0.004 -13"><span class='ocrx_word' id='word_1_128' title='bbox 152 1263 306 1319; x_wconf 84' lang='lat' dir='ltr'><strong>Lysiae</strong></span> <span class='ocrx_word' id='word_1_129' title='bbox 357 1265 565 1317; x_wconf 85' lang='lat' dir='ltr'><strong>ostentat,</strong></span> <span class='ocrx_word' id='word_1_130' title='bbox 614 1277 667 1304; x_wconf 88' lang='lat' dir='ltr'><strong>ex</strong></span> <span class='ocrx_word' id='word_1_131' title='bbox 710 1261 870 1304; x_wconf 88' lang='lat' dir='ltr'><strong>nostris</strong></span> <span class='ocrx_word' id='word_1_132' title='bbox 917 1259 1212 1303; x_wconf 82' lang='lat' dir='ltr'><strong>Gracchorum</strong></span> <span class='ocrx_word' id='word_1_133' title='bbox 1258 1257 1536 1314; x_wconf 79' lang='lat' dir='ltr'><strong>Catonisque,</strong></span> 
     </span>
     <span class='ocr_line' id='line_1_19' title="bbox 154 1319 1536 1379; baseline -0.004 -12"><span class='ocrx_word' id='word_1_134' title='bbox 154 1339 335 1379; x_wconf 90' lang='lat' dir='ltr'><strong>quorum</strong></span> <span class='ocrx_word' id='word_1_135' title='bbox 369 1338 471 1366; x_wconf 91' lang='lat' dir='ltr'><strong>sane</strong></span> <span class='ocrx_word' id='word_1_136' title='bbox 502 1323 715 1379; x_wconf 89' lang='lat' dir='ltr'><strong>plurimae</strong></span> <span class='ocrx_word' id='word_1_137' title='bbox 747 1323 850 1364; x_wconf 88' lang='lat' dir='ltr'><strong>sunt</strong></span> <span class='ocrx_word' id='word_1_138' title='bbox 874 1320 1153 1364; x_wconf 90' lang='lat' dir='ltr'><strong>circumcisae</strong></span> <span class='ocrx_word' id='word_1_139' title='bbox 1179 1323 1224 1363; x_wconf 91' lang='lat' dir='ltr'><strong>et</strong></span> <span class='ocrx_word' id='word_1_140' title='bbox 1247 1319 1421 1364; x_wconf 82' lang='lat' dir='ltr'><strong>breves:</strong></span> <span class='ocrx_word' id='word_1_141' title='bbox 1452 1331 1536 1376; x_wconf 84' lang='lat' dir='ltr'><strong>ego</strong></span> 
     </span>
     <span class='ocr_line' id='line_1_20' title="bbox 153 1380 1539 1441; baseline -0.003 -14"><span class='ocrx_word' id='word_1_142' title='bbox 153 1384 306 1441; x_wconf 81' lang='lat' dir='ltr'><strong>Lysiae</strong></span> <span class='ocrx_word' id='word_1_143' title='bbox 332 1383 675 1439; x_wconf 87' lang='lat' dir='ltr'><strong>Demosthenen,</strong></span> <span class='ocrx_word' id='word_1_144' title='bbox 707 1381 971 1438; x_wconf 82' lang='lat' dir='ltr'><strong>Aeschinen,</strong></span> <span class='ocrx_word' id='word_1_145' title='bbox 1003 1381 1259 1438; x_wconf 85' lang='lat' dir='ltr'><strong>Hyperiden</strong></span> <span class='ocrx_word' id='word_1_146' title='bbox 1284 1380 1539 1437; x_wconf 83' lang='lat' dir='ltr'><strong>multosque</strong></span> 
     </span>
     <span class='ocr_line' id='line_1_21' title="bbox 155 1439 1599 1500; baseline -0.001 -13"><span class='ocrx_word' id='word_1_147' title='bbox 155 1448 392 1500; x_wconf 88' lang='lat' dir='ltr'><strong>praeterea,</strong></span> <span class='ocrx_word' id='word_1_148' title='bbox 439 1444 643 1488; x_wconf 84' lang='lat' dir='ltr'><strong>Gracchis</strong></span> <span class='ocrx_word' id='word_1_149' title='bbox 688 1446 731 1487; x_wconf 91' lang='lat' dir='ltr'><strong>et</strong></span> <span class='ocrx_word' id='word_1_150' title='bbox 775 1442 930 1486; x_wconf 89' lang='lat' dir='ltr'><strong>Catoni</strong></span> <span class='ocrx_word' id='word_1_151' title='bbox 975 1442 1240 1499; x_wconf 83' lang='lat' dir='ltr'><strong>Pollionem,</strong></span> <span class='ocrx_word' id='word_1_152' title='bbox 1292 1439 1538 1497; x_wconf 74' lang='lat' dir='ltr'><strong>Gaesarem,</strong></span> <span class='ocrx_word' id='word_1_153' title='bbox 1562 1457 1599 1485; x_wconf 70' lang='lat' dir='ltr'><strong>so</strong></span> 
     </span>
     <span class='ocr_line' id='line_1_22' title="bbox 157 1501 1536 1562; baseline -0.001 -15"><span class='ocrx_word' id='word_1_154' title='bbox 157 1503 366 1560; x_wconf 86' lang='lat' dir='ltr'><strong>Caelium,</strong></span> <span class='ocrx_word' id='word_1_155' title='bbox 403 1506 448 1548; x_wconf 92' lang='lat' dir='ltr'><strong>in</strong></span> <span class='ocrx_word' id='word_1_156' title='bbox 488 1506 639 1562; x_wconf 89' lang='lat' dir='ltr'><strong>primis</strong></span> <span class='ocrx_word' id='word_1_157' title='bbox 671 1505 729 1547; x_wconf 91' lang='lat' dir='ltr'><strong>M.</strong></span> <span class='ocrx_word' id='word_1_158' title='bbox 762 1503 954 1547; x_wconf 84' lang='lat' dir='ltr'><strong>Tullium</strong></span> <span class='ocrx_word' id='word_1_159' title='bbox 994 1518 1188 1560; x_wconf 91' lang='lat' dir='ltr'><strong>oppono,</strong></span> <span class='ocrx_word' id='word_1_160' title='bbox 1229 1502 1355 1547; x_wconf 83' lang='lat' dir='ltr'><strong>cuius</strong></span> <span class='ocrx_word' id='word_1_161' title='bbox 1394 1501 1536 1559; x_wconf 77' lang='lat' dir='ltr'><strong>oratio</strong></span> 
     </span>
     <span class='ocr_line' id='line_1_23' title="bbox 157 1562 1608 1622; baseline 0.001 -15"><span class='ocrx_word' id='word_1_162' title='bbox 157 1566 321 1622; x_wconf 88' lang='lat' dir='ltr'><strong>optima</strong></span> <span class='ocrx_word' id='word_1_163' title='bbox 351 1566 486 1608; x_wconf 88' lang='lat' dir='ltr'><strong>fertur</strong></span> <span class='ocrx_word' id='word_1_164' title='bbox 517 1581 608 1609; x_wconf 89' lang='lat' dir='ltr'><strong>esse</strong></span> <span class='ocrx_word' id='word_1_165' title='bbox 641 1580 751 1621; x_wconf 89' lang='lat' dir='ltr'><strong>quae</strong></span> <span class='ocrx_word' id='word_1_166' title='bbox 783 1565 984 1608; x_wconf 82' lang='lat' dir='ltr'><strong>maxima.</strong></span> <span class='ocrx_word' id='word_1_167' title='bbox 1046 1565 1105 1608; x_wconf 86' lang='lat' dir='ltr'><strong>Et</strong></span> <span class='ocrx_word' id='word_1_168' title='bbox 1134 1564 1312 1608; x_wconf 80' lang='lat' dir='ltr'><strong>hercule</strong></span> <span class='ocrx_word' id='word_1_169' title='bbox 1343 1565 1396 1608; x_wconf 81' lang='lat' dir='ltr'><strong>ut</strong></span> <span class='ocrx_word' id='word_1_170' title='bbox 1426 1562 1538 1607; x_wconf 64' lang='lat' dir='ltr'><strong>alim</strong></span> <span class='ocrx_word' id='word_1_171' title='bbox 1603 1598 1608 1602; x_wconf 78' lang='lat'><strong>,</strong></span> 
     </span>
     <span class='ocr_line' id='line_1_24' title="bbox 156 1626 1536 1683; baseline 0 -15"><span class='ocrx_word' id='word_1_172' title='bbox 156 1626 294 1669; x_wconf 86' lang='lat' dir='ltr'><strong>bonae</strong></span> <span class='ocrx_word' id='word_1_173' title='bbox 343 1641 410 1668; x_wconf 90' lang='lat' dir='ltr'><strong>res</strong></span> <span class='ocrx_word' id='word_1_174' title='bbox 461 1628 521 1668; x_wconf 86' lang='lat' dir='ltr'><strong>ita</strong></span> <span class='ocrx_word' id='word_1_175' title='bbox 569 1628 707 1669; x_wconf 87' lang='lat' dir='ltr'><strong>bonus</strong></span> <span class='ocrx_word' id='word_1_176' title='bbox 751 1626 863 1670; x_wconf 88' lang='lat' dir='ltr'><strong>liber</strong></span> <span class='ocrx_word' id='word_1_177' title='bbox 907 1626 1061 1669; x_wconf 87' lang='lat' dir='ltr'><strong>melior</strong></span> <span class='ocrx_word' id='word_1_178' title='bbox 1104 1629 1171 1669; x_wconf 82' lang='lat' dir='ltr'><strong>est</strong></span> <span class='ocrx_word' id='word_1_179' title='bbox 1215 1626 1402 1683; x_wconf 74' lang='lat' dir='ltr'><strong>quisque</strong></span> <span class='ocrx_word' id='word_1_180' title='bbox 1449 1638 1536 1682; x_wconf 89' lang='lat' dir='ltr'><strong>quo</strong></span> 
     </span>
    </p>

    <p class='ocr_par' dir='ltr' id='par_1_9' title="bbox 109 1685 1602 1989">
     <span class='ocr_line' id='line_1_25' title="bbox 109 1685 1538 1746; baseline -0.002 -14"><span class='ocrx_word' id='word_1_181' title='bbox 109 1701 131 1732; x_wconf 77' lang='lat'><strong>5</strong></span> <span class='ocrx_word' id='word_1_182' title='bbox 158 1686 305 1737; x_wconf 84' lang='lat' dir='ltr'><strong>maior.</strong></span> <span class='ocrx_word' id='word_1_183' title='bbox 367 1686 518 1740; x_wconf 89' lang='lat' dir='ltr'><strong>Vides,</strong></span> <span class='ocrx_word' id='word_1_184' title='bbox 558 1690 606 1729; x_wconf 91' lang='lat' dir='ltr'><strong>ut</strong></span> <span class='ocrx_word' id='word_1_185' title='bbox 644 1690 824 1743; x_wconf 86' lang='lat' dir='ltr'><strong>statuas,</strong></span> <span class='ocrx_word' id='word_1_186' title='bbox 869 1687 1011 1744; x_wconf 86' lang='lat' dir='ltr'><strong>signa,</strong></span> <span class='ocrx_word' id='word_1_187' title='bbox 1049 1687 1262 1744; x_wconf 85' lang='lat' dir='ltr'><strong>picturas,</strong></span> <span class='ocrx_word' id='word_1_188' title='bbox 1305 1685 1538 1746; x_wconf 76' lang='lat' dir='ltr'><strong>hominum</strong></span> 
     </span>
     <span class='ocr_line' id='line_1_26' title="bbox 156 1747 1602 1805; baseline 0.001 -15"><span class='ocrx_word' id='word_1_189' title='bbox 156 1747 341 1803; x_wconf 91' lang='lat' dir='ltr'><strong>denique</strong></span> <span class='ocrx_word' id='word_1_190' title='bbox 397 1748 718 1804; x_wconf 88' lang='lat' dir='ltr'><strong>multorumque</strong></span> <span class='ocrx_word' id='word_1_191' title='bbox 780 1748 1032 1791; x_wconf 88' lang='lat' dir='ltr'><strong>animalium</strong></span> <span class='ocrx_word' id='word_1_192' title='bbox 1087 1748 1272 1805; x_wconf 85' lang='lat' dir='ltr'><strong>formas,</strong></span> <span class='ocrx_word' id='word_1_193' title='bbox 1333 1747 1540 1792; x_wconf 86' lang='lat' dir='ltr'><strong>arborum</strong></span> <span class='ocrx_word' id='word_1_194' title='bbox 1564 1763 1602 1792; x_wconf 69' lang='lat' dir='ltr'><strong>ss</strong></span> 
     </span>
     <span class='ocr_line' id='line_1_27' title="bbox 157 1807 1540 1867; baseline 0.001 -17"><span class='ocrx_word' id='word_1_195' title='bbox 157 1808 300 1863; x_wconf 90' lang='lat' dir='ltr'><strong>etiam,</strong></span> <span class='ocrx_word' id='word_1_196' title='bbox 333 1808 370 1850; x_wconf 91' lang='lat' dir='ltr'><strong>si</strong></span> <span class='ocrx_word' id='word_1_197' title='bbox 402 1808 531 1851; x_wconf 92' lang='lat' dir='ltr'><strong>modo</strong></span> <span class='ocrx_word' id='word_1_198' title='bbox 565 1809 652 1851; x_wconf 85' lang='lat' dir='ltr'><strong>sint</strong></span> <span class='ocrx_word' id='word_1_199' title='bbox 686 1809 877 1864; x_wconf 87' lang='lat' dir='ltr'><strong>decorae,</strong></span> <span class='ocrx_word' id='word_1_200' title='bbox 907 1809 1020 1851; x_wconf 88' lang='lat' dir='ltr'><strong>nihil</strong></span> <span class='ocrx_word' id='word_1_201' title='bbox 1052 1810 1192 1867; x_wconf 88' lang='lat' dir='ltr'><strong>magis</strong></span> <span class='ocrx_word' id='word_1_202' title='bbox 1226 1824 1360 1866; x_wconf 86' lang='lat' dir='ltr'><strong>quam</strong></span> <span class='ocrx_word' id='word_1_203' title='bbox 1384 1807 1540 1867; x_wconf 83' lang='lat' dir='ltr'><strong>ampli—</strong></span> 
     </span>
     <span class='ocr_line' id='line_1_28' title="bbox 155 1868 1540 1927; baseline 0.001 -16"><span class='ocrx_word' id='word_1_204' title='bbox 155 1868 263 1911; x_wconf 92' lang='lat' dir='ltr'><strong>tudo</strong></span> <span class='ocrx_word' id='word_1_205' title='bbox 296 1869 580 1911; x_wconf 90' lang='lat' dir='ltr'><strong>commendet.</strong></span> <span class='ocrx_word' id='word_1_206' title='bbox 613 1868 732 1911; x_wconf 91' lang='lat' dir='ltr'><strong>Idem</strong></span> <span class='ocrx_word' id='word_1_207' title='bbox 760 1870 1027 1913; x_wconf 87' lang='lat' dir='ltr'><strong>orationibus</strong></span> <span class='ocrx_word' id='word_1_208' title='bbox 1055 1870 1218 1927; x_wconf 84' lang='lat' dir='ltr'><strong>evenit,</strong></span> <span class='ocrx_word' id='word_1_209' title='bbox 1264 1870 1373 1927; x_wconf 84' lang='lat' dir='ltr'><strong>quin</strong></span> <span class='ocrx_word' id='word_1_210' title='bbox 1407 1868 1540 1914; x_wconf 81' lang='lat' dir='ltr'><strong>etiam</strong></span> 
     </span>
     <span class='ocr_line' id='line_1_29' title="bbox 158 1929 1542 1989; baseline 0.003 -18"><span class='ocrx_word' id='word_1_211' title='bbox 158 1929 453 1972; x_wconf 84' lang='lat' dir='ltr'><strong>voluminibus</strong></span> <span class='ocrx_word' id='word_1_212' title='bbox 498 1930 603 1985; x_wconf 87' lang='lat' dir='ltr'><strong>ipsis</strong></span> <span class='ocrx_word' id='word_1_213' title='bbox 649 1931 952 1973; x_wconf 87' lang='lat' dir='ltr'><strong>auctoritatem</strong></span> <span class='ocrx_word' id='word_1_214' title='bbox 997 1931 1214 1986; x_wconf 87' lang='lat' dir='ltr'><strong>quandam</strong></span> <span class='ocrx_word' id='word_1_215' title='bbox 1260 1934 1306 1975; x_wconf 90' lang='lat' dir='ltr'><strong>et</strong></span> <span class='ocrx_word' id='word_1_216' title='bbox 1346 1929 1542 1989; x_wconf 85' lang='lat' dir='ltr'><strong>pulchri·</strong></span> 
     </span>
    </p>

    <p class='ocr_par' dir='ltr' id='par_1_10' title="bbox 109 1988 1603 2232">
     <span class='ocr_line' id='line_1_30' title="bbox 109 1988 1541 2049; baseline 0.001 -14"><span class='ocrx_word' id='word_1_217' title='bbox 109 2002 131 2035; x_wconf 82' lang='grc'>6</span> <span class='ocrx_word' id='word_1_218' title='bbox 156 1988 352 2032; x_wconf 84' lang='lat' dir='ltr'><strong>tudinem</strong></span> <span class='ocrx_word' id='word_1_219' title='bbox 396 1989 528 2033; x_wconf 88' lang='lat' dir='ltr'><strong>adicit</strong></span> <span class='ocrx_word' id='word_1_220' title='bbox 571 1990 836 2047; x_wconf 87' lang='lat' dir='ltr'><strong>magnitudo.</strong></span> <span class='ocrx_word' id='word_1_221' title='bbox 899 1990 1018 2034; x_wconf 89' lang='lat' dir='ltr'><strong>Haec</strong></span> <span class='ocrx_word' id='word_1_222' title='bbox 1059 1992 1132 2035; x_wconf 89' lang='lat' dir='ltr'><strong>ille</strong></span> <span class='ocrx_word' id='word_1_223' title='bbox 1173 1993 1402 2049; x_wconf 82' lang='lat' dir='ltr'><strong>multaque</strong></span> <span class='ocrx_word' id='word_1_224' title='bbox 1441 1991 1541 2047; x_wconf 77' lang='lat' dir='ltr'><strong>alja,</strong></span> 
     </span>
     <span class='ocr_line' id='line_1_31' title="bbox 158 2051 1603 2111; baseline 0.003 -19"><span class='ocrx_word' id='word_1_225' title='bbox 158 2064 268 2106; x_wconf 89' lang='lat' dir='ltr'><strong>quae</strong></span> <span class='ocrx_word' id='word_1_226' title='bbox 306 2066 331 2092; x_wconf 92' lang='lat' dir='ltr'><strong>a</strong></span> <span class='ocrx_word' id='word_1_227' title='bbox 369 2065 436 2093; x_wconf 89' lang='lat' dir='ltr'><strong>me</strong></span> <span class='ocrx_word' id='word_1_228' title='bbox 475 2051 520 2093; x_wconf 88' lang='lat' dir='ltr'><strong>in</strong></span> <span class='ocrx_word' id='word_1_229' title='bbox 558 2051 737 2094; x_wconf 89' lang='lat' dir='ltr'><strong>eandem</strong></span> <span class='ocrx_word' id='word_1_230' title='bbox 777 2051 1036 2094; x_wconf 86' lang='lat' dir='ltr'><strong>sententiam</strong></span> <span class='ocrx_word' id='word_1_231' title='bbox 1069 2054 1212 2096; x_wconf 87' lang='lat' dir='ltr'><strong>solent</strong></span> <span class='ocrx_word' id='word_1_232' title='bbox 1250 2053 1356 2111; x_wconf 85' lang='lat' dir='ltr'><strong>dici,</strong></span> <span class='ocrx_word' id='word_1_233' title='bbox 1393 2054 1443 2096; x_wconf 78' lang='lat' dir='ltr'><strong>ut</strong></span> <span class='ocrx_word' id='word_1_234' title='bbox 1475 2053 1542 2096; x_wconf 79' lang='lat' dir='ltr'><strong>est</strong></span> <span class='ocrx_word' id='word_1_235' title='bbox 1567 2069 1603 2097; x_wconf 69' lang='lat' dir='ltr'><strong>so</strong></span> 
     </span>
     <span class='ocr_line' id='line_1_32' title="bbox 156 2110 1543 2171; baseline 0.002 -18"><span class='ocrx_word' id='word_1_236' title='bbox 156 2110 203 2153; x_wconf 88' lang='lat' dir='ltr'><strong>in</strong></span> <span class='ocrx_word' id='word_1_237' title='bbox 228 2110 490 2167; x_wconf 88' lang='lat' dir='ltr'><strong>disputando</strong></span> <span class='ocrx_word' id='word_1_238' title='bbox 517 2112 967 2167; x_wconf 79' lang='lat' dir='ltr'><strong>incomprehensibilis</strong></span> <span class='ocrx_word' id='word_1_239' title='bbox 994 2116 1037 2155; x_wconf 91' lang='lat' dir='ltr'><strong>et</strong></span> <span class='ocrx_word' id='word_1_240' title='bbox 1061 2114 1278 2171; x_wconf 87' lang='lat' dir='ltr'><strong>lubricus,</strong></span> <span class='ocrx_word' id='word_1_241' title='bbox 1302 2114 1366 2158; x_wconf 84' lang='lat' dir='ltr'><strong>ita</strong></span> <span class='ocrx_word' id='word_1_242' title='bbox 1390 2112 1543 2170; x_wconf 88' lang='lat' dir='ltr'><strong>eludit,</strong></span> 
     </span>
     <span class='ocr_line' id='line_1_33' title="bbox 156 2171 1542 2232; baseline 0.004 -18"><span class='ocrx_word' id='word_1_243' title='bbox 156 2174 207 2214; x_wconf 90' lang='lat' dir='ltr'><strong>ut</strong></span> <span class='ocrx_word' id='word_1_244' title='bbox 232 2172 466 2215; x_wconf 88' lang='lat' dir='ltr'><strong>contendat</strong></span> <span class='ocrx_word' id='word_1_245' title='bbox 491 2171 571 2215; x_wconf 88' lang='lat' dir='ltr'><strong>hos</strong></span> <span class='ocrx_word' id='word_1_246' title='bbox 597 2172 735 2228; x_wconf 88' lang='lat' dir='ltr'><strong>ipsos,</strong></span> <span class='ocrx_word' id='word_1_247' title='bbox 768 2187 951 2228; x_wconf 90' lang='lat' dir='ltr'><strong>quorum</strong></span> <span class='ocrx_word' id='word_1_248' title='bbox 979 2175 1250 2219; x_wconf 88' lang='lat' dir='ltr'><strong>orationibus</strong></span> <span class='ocrx_word' id='word_1_249' title='bbox 1276 2175 1413 2232; x_wconf 77' lang='lat' dir='ltr'><strong>nitar,</strong></span> <span class='ocrx_word' id='word_1_250' title='bbox 1437 2190 1542 2232; x_wconf 84' lang='lat' dir='ltr'><strong>pau-</strong></span> 
     </span>
    </p>

    <p class='ocr_par' dir='ltr' id='par_1_11' title="bbox 109 2232 1542 2293">
     <span class='ocr_line' id='line_1_34' title="bbox 109 2232 1542 2293; baseline 0.003 -17"><span class='ocrx_word' id='word_1_251' title='bbox 109 2243 130 2276; x_wconf 76' lang='lat'><strong>&#39;1</strong></span> <span class='ocrx_word' id='word_1_252' title='bbox 157 2233 277 2276; x_wconf 84' lang='lat' dir='ltr'><strong>ciora</strong></span> <span class='ocrx_word' id='word_1_253' title='bbox 302 2232 473 2287; x_wconf 85' lang='lat' dir='ltr'><strong>dixisse,</strong></span> <span class='ocrx_word' id='word_1_254' title='bbox 500 2247 630 2288; x_wconf 90' lang='lat' dir='ltr'><strong>quam</strong></span> <span class='ocrx_word' id='word_1_255' title='bbox 657 2233 879 2276; x_wconf 88' lang='lat' dir='ltr'><strong>ediderint.</strong></span> <span class='ocrx_word' id='word_1_256' title='bbox 923 2234 1019 2291; x_wconf 86' lang='lat' dir='ltr'><strong>Ego</strong></span> <span class='ocrx_word' id='word_1_257' title='bbox 1047 2239 1199 2279; x_wconf 90' lang='lat' dir='ltr'><strong>contra</strong></span> <span class='ocrx_word' id='word_1_258' title='bbox 1223 2239 1346 2293; x_wconf 88' lang='lat' dir='ltr'><strong>puto.</strong></span> <span class='ocrx_word' id='word_1_259' title='bbox 1390 2235 1542 2280; x_wconf 74' lang='lat' dir='ltr'><strong>Testes</strong></span> 
     </span>
    </p>
   </div>
   <div class='ocr_carea' id='block_1_5' title="bbox 159 2318 352 2322">
    <p class='ocr_par' dir='ltr' id='par_1_12' title="bbox 159 2318 352 2322">
     <span class='ocr_line' id='line_1_35' title="bbox 159 2318 352 2322; baseline 0 0"><span class='ocrx_word' id='word_1_260' title='bbox 159 2318 352 2322; x_wconf 95' lang='lat' dir='ltr'><strong> </strong></span> 
     </span>
    </p>
   </div>
   <div class='ocr_carea' id='block_1_6' title="bbox 159 2363 1535 2458">
    <p class='ocr_par' dir='ltr' id='par_1_13' title="bbox 159 2363 1535 2458">
     <span class='ocr_line' id='line_1_36' title="bbox 258 2363 1535 2414; baseline 0.005 -16"><span class='ocrx_word' id='word_1_261' title='bbox 258 2367 302 2398; x_wconf 83' lang='lat'><strong>12</strong></span> <span class='ocrx_word' id='word_1_262' title='bbox 347 2363 424 2399; x_wconf 87' lang='lat' dir='ltr'><strong>sint</strong></span> <span class='ocrx_word' id='word_1_263' title='bbox 459 2364 642 2409; x_wconf 79' lang='lat' dir='ltr'><strong>RFpa,</strong></span> <span class='ocrx_word' id='word_1_264' title='bbox 682 2365 731 2399; x_wconf 83' lang='lat' dir='ltr'><strong>K.</strong></span> <span class='ocrx_word' id='word_1_265' title='bbox 752 2366 793 2409; x_wconf 86' lang='lat' dir='ltr'><strong>I,</strong></span> <span class='ocrx_word' id='word_1_266' title='bbox 840 2365 940 2410; x_wconf 80' lang='lat' dir='ltr'><strong>Otto,</strong></span> <span class='ocrx_word' id='word_1_267' title='bbox 978 2367 1067 2411; x_wconf 78' lang='lat' dir='ltr'><strong>alii,</strong></span> <span class='ocrx_word' id='word_1_268' title='bbox 1111 2370 1200 2403; x_wconf 89' lang='lat' dir='ltr'><strong>sunt</strong></span> <span class='ocrx_word' id='word_1_269' title='bbox 1236 2369 1365 2414; x_wconf 77' lang='lat' dir='ltr'><strong>Drs&#39;,</strong></span> <span class='ocrx_word' id='word_1_270' title='bbox 1410 2367 1535 2405; x_wconf 72' lang='lat' dir='ltr'><strong>KH</strong></span> 
     </span>
     <span class='ocr_line' id='line_1_37' title="bbox 159 2411 1183 2458; baseline 0.006 -11"><span class='ocrx_word' id='word_1_271' title='bbox 159 2414 206 2447; x_wconf 77' lang='lat'><strong>24</strong></span> <span class='ocrx_word' id='word_1_272' title='bbox 231 2411 430 2448; x_wconf 90' lang='lat' dir='ltr'><strong>hominum</strong></span> <span class='ocrx_word' id='word_1_273' title='bbox 457 2411 688 2458; x_wconf 83' lang='lat' dir='ltr'><strong>deorumque</strong></span> <span class='ocrx_word' id='word_1_274' title='bbox 716 2414 936 2449; x_wconf 89' lang='lat' dir='ltr'><strong>animalium</strong></span> <span class='ocrx_word' id='word_1_275' title='bbox 966 2416 1183 2452; x_wconf 77' lang='lat' dir='ltr'><strong>Mommsen.</strong></span> 
     </span>
    </p>
   </div>
  </div>
 </body>
</html>
