1716 2742
488 92 854 132 EPISTULARUM
879 98 1040 132 84—89.
1383 95 1475 141 305

47 210 178 265 Quod
222 210 270 255 in
314 209 523 255 notitiam
569 212 694 255 tuam
739 209 916 268 perfero
963 226 1015 254 ea
1059 210 1168 268 fide,
1212 225 1347 269 quam
1393 209 1478 254 tibi

47 274 199 319 debeo.

544 337 791 379 LXXXVII.
828 336 976 392 [XIX]

321 415 365 451 C.
385 416 590 450 PLINIUS
618 415 843 450 TRAIANO
871 416 1204 452 IMPERATORI.

5 501 24 530 ι
142 485 473 545 Nymphidium
513 485 711 544 Lupum,
753 485 953 543 domine,
994 486 1317 544 primipilarem
1359 501 1478 532 com·
1506 498 1526 532 1

47 549 300 595 militonem
333 549 490 606 habui,
524 564 628 593 cum
660 548 758 606 ipse
789 548 997 593 tribunus
1039 565 1202 607 essem,
1242 550 1318 594 ille
1350 565 1479 608 prae-

46 612 214 658 fectus:
246 612 350 657 inde
382 611 666 656 familiariter
697 611 884 670 diligere
925 613 1065 669 coepi.
1132 611 1282 657 Crevit
1322 615 1480 671 postea

47 675 210 721 caritas
255 675 355 733 ipsa
406 677 588 719 mutuae
639 677 863 719 vetustate
915 675 1149 719 amicitiae.
1224 675 1383 733 Itaque
1435 678 1480 720 et
1505 687 1527 720 2

48 738 190 796 quieti
222 738 317 783 eius
350 738 484 782 inieci
517 752 700 782 manum
734 740 779 782 et
811 738 960 797 exegi,
992 740 1043 782 ut
1075 754 1146 782 me
1179 739 1226 783 in
1263 738 1480 797 Bithynia

0 816 23 844 ,ο
49 801 238 847 consih'o
284 801 537 845 instrueret.
613 799 745 853 Quod
786 801 863 845 ille
910 801 1179 845 amicissime
1222 805 1266 846 et
1311 802 1394 846 otii
1436 804 1481 846 et

48 863 289 910 senectutis
321 863 495 908 ratione
528 863 784 921 postposita
823 866 868 907 et
910 863 999 907 iam
1042 864 1150 908 fecit
1192 868 1236 908 et
1278 865 1479 910 facturus

48 930 127 972 est.
192 925 367 980 Quibus
401 943 456 971 ex
494 926 639 971 causis
679 926 1031 971 necessitudines
1072 928 1166 971 eius
1206 928 1324 971 inter
1358 943 1480 972 meas
1507 938 1529 972 3

46 1005 254 1048 numero,
274 989 459 1034 filium'
448 1005 496 1034 In
515 989 688 1047 primis,
707 988 1039 1060 Nymphidium
1060 989 1252 1048 Lupum,
1273 991 1480 1035 iuvenem

48 1053 260 1112 probum,
312 1052 584 1097 industrium
638 1055 683 1096 et
734 1052 916 1112 egregio
969 1056 1096 1111 patre
1152 1053 1480 1112 dignissimum,

0 1128 24 1157 ⁶
49 1115 343 1161 suffecturum
388 1114 696 1174 indulgentiae
741 1118 863 1173 tuae,
907 1115 1024 1160 sicut
1067 1116 1225 1173 primis
1272 1117 1365 1161 eius
1409 1132 1481 1161 ex-

47 1178 310 1238 perimentis
344 1193 615 1238 cognoscere
654 1181 804 1236 potes,
846 1193 949 1223 cum
988 1179 1241 1237 praefectus
1282 1180 1480 1224 cohortis

47 1241 360 1300 plenissimum
386 1241 696 1286 testimonium
723 1242 936 1286 meruerit
961 1241 1049 1286 Iuli
1076 1241 1255 1287 Ferocis
1283 1245 1327 1287 et
1348 1242 1482 1288 Fusci

50 1303 335 1362 Salinatoris,
380 1304 732 1349 clarissimorum
777 1305 989 1349 virorum.
1070 1305 1221 1350 Meum
1268 1306 1482 1364 gaudium

49 1382 286 1425 meamque
319 1367 669 1427 gratulationem
702 1367 787 1411 filii
819 1367 992 1412 honore
1023 1383 1125 1426 royo
1157 1369 1400 1414 contineas.

0 1498 25 1528 ω
480 1484 749 1526 LXXXVIII.
788 1483 1048 1538 [LXXXIX]

326 1561 370 1596 O.
390 1562 595 1597 PLINIUS
623 1562 847 1597 TRAIANO
875 1562 1208 1597 IMPERATORI.

145 1630 280 1692 Opto,
295 1632 487 1691 domine,
503 1635 548 1677 et
560 1633 682 1677 hunc
702 1634 896 1677 natalem
919 1636 964 1677 et
977 1633 1197 1691 plurimos
1220 1634 1331 1678 alios
1348 1649 1482 1692 quam

49 1694 335 1740 felicissimos
355 1711 462 1755 agas
484 1699 752 1753 aeternaque
772 1696 905 1740 laude
925 1696 1160 1741 florentem
1180 1697 1359 1741 virtutis
1379 1700 1483 1742 tuae

51 1758 242 1818 gloriam
270 1757 447 1817 [quam]
470 1759 708 1803 incolumIs
733 1761 777 1802 et
802 1758 934 1804 fortis
955 1760 1056 1804 aliis
1078 1775 1212 1818 super
1232 1760 1320 1804 alia
1341 1761 1483 1819 operi-

0 1837 27 1866 ιι
51 1821 137 1866 bus
170 1836 345 1881 augeas.

577 1886 799 1928 LXXXIX.
833 1885 955 1941 [Xe]

529 1964 784 2000 TRAIANUS
811 1966 1002 2001 PLINIO.

147 2035 361 2096 Agnosco
394 2039 501 2081 vota
539 2039 638 2095 tua,
678 2037 741 2081 mi
782 2036 984 2083 Secunde
1025 2038 1275 2095 carissime,
1319 2038 1482 2095 quibus

51 2100 267 2159 precaris,
313 2103 365 2144 ut
406 2100 625 2157 plurimos
669 2103 714 2144 et
755 2100 1038 2146 fehcissimos
1081 2102 1252 2145 natales
1295 2101 1483 2146 florente

0 2179 28 2207 ιο
53 2166 174 2208 statu
206 2163 271 2208 rei
302 2163 510 2220 publicae
542 2166 723 2208 nostrae
756 2179 899 2223 agam.

155 2288 227 2326 19*
252 2289 399 2326 honore
426 2287 581 2338 (rogo)
604 2288 806 2325 contineas
833 2300 899 2337 eqo
924 2289 1033 2338 [vide
1058 2289 1168 2334 infra
1194 2301 1227 2325 υ.
1248 2291 1300 2326 25
1319 2287 1484 2336 augebis

54 2340 224 2387 Aapro
244 2350 404 2387 augeas
426 2338 473 2384 cf.
496 2339 549 2376 ad
572 2340 709 2376 Trai
708 2341 810 2386 3,(4)
831 2342 878 2385 2,·
897 2343 949 2377 27
963 2341 1073 2385 (36),
1092 2341 1143 2375 29
1158 2340 1256 2385 (38),
1268 2341 1317 2384 2,·
1335 2342 1385 2376 45
1399 2341 1483 2386 (54)

53 2390 142 2438 al]
168 2389 315 2427 honore
343 2389 562 2426 continebis
582 2390 640 2434 B,
662 2389 758 2435 Cat„
786 2390 928 2435 Hard„
955 2390 991 2426 h.
1015 2388 1224 2426 continebo
1247 2389 1312 2435 K.,
1333 2389 1371 2426 h.
1393 2401 1485 2427 con-

53 2439 226 2477 tinerent
250 2441 343 2486 Aa,
375 2440 542 2477 honores
576 2439 807 2476 continuent
837 2439 1005 2484 Gesner„
1035 2439 1201 2477 honores
1229 2419 1484 2488 coniplebunt

53 2489 75 2527 ἓ
102 2490 238 2528 Muell.
342 2493 390 2527 24
418 2501 536 2537 quam
564 2491 657 2535 Aa,
684 2491 724 2527 et
751 2490 834 2528 Cat.
939 2494 985 2527 25
1015 2489 1179 2538 augebis
1206 2490 1292 2527 Aa.

131 2565 277 2595 Ptamms
293 2566 414 2594 Mmon
430 2570 489 2592 m).
507 2567 675 2595 KUKULA.
1211 2567 1258 2602 20
