1630 2678
247 166 305 210 80
838 162 876 199 C.
896 162 1031 199 PLINI

197 292 220 323 4
246 276 301 319 ob
343 276 428 318 alia
469 290 613 331 carus,
656 290 786 331 quam
828 274 945 331 quod
984 274 1102 317 filius
1142 276 1245 317 erat.
1309 272 1427 318 Huic
1466 273 1544 318 illa
1573 274 1630 318 ita

246 337 375 380 funus
408 336 589 392 paravit,
619 336 681 378 ita
706 336 831 379 duxit
851 336 1069 391 exequias,
1102 337 1152 378 ut
1176 334 1402 392 ignoraret
1433 335 1630 393 maritusg

247 398 354 453 quin
397 397 548 450 immo,
593 397 795 453 quotiens
835 396 1085 440 cubiculum
1118 396 1211 439 eius
1243 395 1445 454 intraret,
1489 396 1630 441 vivere

245 458 384 501 filium
425 461 555 514 atque
603 458 733 500 etiam
776 458 1118 501 commodiorem
1163 471 1258 501 esse
1303 457 1541 502 simulabat
1585 473 1630 503 ac

245 534 448 575 persaepe
486 518 794 576 interroganti,
836 518 941 575 quid
980 521 1128 576 ageret
1164 533 1292 575 puer,
1323 519 1630 576 respondebat:

197 593 218 625 5
246 579 376 622 ‘Bene
415 580 598 635 quievit,
634 580 823 623 libenter
855 580 1002 623 cibum
1035 579 1248 636 sumpsit’.
1312 578 1504 637 Deinde,
1534 595 1630 624 cum

243 640 317 683 diu
373 639 589 683 cohibitae
653 641 858 684 lacrimae
914 641 1138 684 vincerent
1198 643 1630 699 prorumperentque,

244 700 560 758 egrediebatur:
592 703 697 744 tunc
723 717 769 745 se
796 702 937 745 dolori
963 701 1112 758 dabat3
1145 702 1303 746 satiata
1327 701 1454 747 siccis
1481 703 1630 760 oculis,

244 761 485 818 composito
518 762 644 805 vultu
675 762 862 817 redibat,
900 765 1125 819 tamquam
1164 763 1399 808 orbitatem
1429 763 1538 808 foris
1569 779 1630 808 re-

197 837 218 868 6
243 822 452 878 liquisset.
524 822 802 867 Praeclarum
845 824 1020 880 quidem
1059 823 1169 867 illud
1211 824 1424 883 eiusdem,
1465 825 1630 869 ferrum

242 883 472 940 stringere,
508 884 735 940 perfodere
774 888 945 942 pectus,
985 886 1211 929 extrahere
1243 886 1503 944 pugionem,
1533 901 1630 943 por-

241 943 380 1001 rigere
411 945 589 1001 marito,
626 944 784 989 addere
816 961 968 990 vocem
1001 947 1280 990 inmortalem
1311 961 1363 992 ac
1393 962 1532 1005 paene
1571 947 1630 991 di-

241 1004 403 1048 vinam:
468 1005 612 1049 ‘Paete
618 1039 631 1062 ,
667 1021 757 1050 non
790 1007 935 1050 dolet'.
1000 1006 1086 1050 Sed
1126 1010 1276 1052 tamen
1315 1008 1401 1052 ista
1441 1008 1630 1066 facienti,

241 1064 401 1109 dicenti
450 1067 592 1124 gloria
641 1070 683 1110 et
733 1069 964 1111 aeternitas
1009 1072 1109 1112 ante
1153 1070 1306 1114 oculos
1350 1073 1492 1127 erant;
1542 1085 1630 1128 quo

241 1126 379 1169 maius
405 1130 471 1170 est
490 1128 582 1170 sine
601 1129 794 1184 praemio
815 1130 1103 1186 aeternitatis,
1128 1131 1222 1174 sine
1241 1130 1438 1188 praemio
1464 1131 1630 1190 gloriae

241 1186 397 1230 abdere
422 1188 642 1245 lacrimas,
669 1189 836 1245 operire
861 1191 1030 1234 luctum
1058 1192 1307 1248 amissoque
1332 1192 1426 1236 filio
1446 1194 1630 1236 matrem

194 1261 213 1292 ’1
240 1246 380 1291 adhuc
430 1263 567 1306 agere.
637 1247 947 1295 Scribonianus
993 1268 1112 1296 arma
1152 1252 1200 1296 in
1247 1251 1427 1311 Hlyrico
1457 1256 1630 1309 ,contra

242 1307 468 1352 Claudium
509 1314 723 1367 moverat3
763 1311 906 1355 fuerat
946 1313 1105 1357 Paetus
1146 1314 1195 1357 in
1226 1313 1426 1371 partibus
1433 1326 1461 1371 ,'
1484 1314 1630 1359 occiso

193 1382 215 1414 8
241 1367 524 1414 Scriboniano
565 1370 750 1415 Romam
788 1374 1052 1417 trahebatur.
1114 1374 1224 1418 Erat
1260 1389 1519 1430 ascensurus
1556 1390 1630 1419 na-

240 1444 348 1472 vem.
411 1431 539 1474 Arria
594 1432 757 1476 milites
809 1435 979 1491 orabat,
1036 1438 1086 1478 ut
1136 1436 1269 1480 simul
1319 1437 1630 1494 imponeretur.

243 1489 424 1547 ‘Nempe
465 1493 594 1536 enim’
639 1494 784 1550 inquit
823 1495 981 1539 ‘daturi
1019 1496 1123 1540 estis
1163 1497 1384 1541 consulari
1415 1497 1512 1542 viro
1545 1512 1630 1542 ser-

242 1551 365 1593 vulos
397 1552 584 1608 aliquos,
618 1569 803 1610 quorum
836 1571 859 1599 e
891 1573 1023 1600 manu
1049 1558 1197 1601 cibum
1223 1559 1385 1616 capiat,
1418 1574 1444 1602 a
1469 1558 1629 1616 quibus

242 1611 467 1668 vestiatur,
517 1629 541 1656 a
582 1615 739 1670 quibus
779 1617 1003 1675 calcietur3
1057 1619 1206 1662 omnia
1237 1620 1332 1663 sola
1367 1619 1630 1677 praestabo?

195 1684 215 1716 9
243 1670 343 1714 Non
364 1672 627 1729 impetravit:
654 1677 862 1721 conduxit
880 1679 1161 1735 piscatoriam
1188 1680 1436 1725 naviculam
1455 1680 1504 1724 in
1535 1695 1630 1725 ens-

243 1747 326 1787 que
358 1733 579 1791 navigium
613 1736 793 1781 minimo
837 1743 984 1783 secuta
1016 1744 1092 1784 est.
1154 1741 1322 1785 Eadem
1353 1741 1470 1799 apud
1537 1742 1630 1785 lau-

242 1793 361 1835 dium
394 1795 519 1837 uxori
546 1794 839 1854 Scriboniani,
873 1815 971 1844 cum
997 1802 1074 1845 illa
1099 1803 1380 1858 profiteretur
1403 1802 1629 1860 indicium,

242 1852 371 1910 ‘Ego'
403 1855 546 1910 inquit
579 1856 634 1898 ‘te
667 1859 857 1915 audiam,
889 1862 1012 1905 cuius
1044 1863 1089 1905 in
1117 1863 1284 1921 gremio
1313 1863 1628 1908 Scribonianus

242 1915 409 1957 occisus
442 1919 523 1971 est,
557 1920 599 1958 et
632 1917 792 1961 vivis?'
842 1921 909 1963 Ex
943 1938 1029 1978 quo
1062 1925 1344 1969 manifestum
1377 1927 1444 1969 est
1467 1924 1508 1969 ei
1527 1939 1630 1969 con-

171 1986 216 2019 10
242 1974 388 2017 sih‘um
421 1977 735 2031 pulcherrimae
767 1982 920 2024 mortis
954 1998 1041 2026 non
1074 1985 1268 2029 subitum
1299 1985 1447 2030 fuisse.
1511 1985 1629 2038 Quin

241 2035 389 2090 etiam,
422 2051 519 2079 cum
546 2037 752 2095 Thrasea,
785 2056 918 2098 gener
943 2044 1053 2100 eius,
1086 2046 1410 2104 deprecaretur,
1439 2061 1495 2091 ne
1514 2046 1630 2090 mori

241 2099 458 2153 pergeret,
491 2098 688 2155 interque
721 2101 806 2144 alia
837 2103 1034 2147 dixisset:
1067 2106 1162 2150 ‘Vis
1194 2122 1298 2166 ergo
1330 2107 1470 2152 filiam
1493 2110 1630 2164 tuam,

241 2156 278 2198 si
319 2156 427 2199 mihi
459 2161 727 2213 pereundum
758 2162 908 2219 fuerit,
950 2166 1062 2208 mori
1101 2168 1338 2225 mecum?',
1378 2168 1628 2226 respondit:

241 2215 305 2259 ‘Si
345 2219 435 2260 tam
477 2219 552 2261 diu
592 2223 799 2277 tantaque
841 2227 1073 2270 concordia
1114 2229 1272 2272 vixerit
1310 2232 1458 2274 tecum
1495 2244 1628 2287 quam

169 2291 213 2323 11
240 2292 322 2335 ego
355 2292 454 2321 cum
486 2279 636 2336 Paeto,
679 2283 808 2326 volo?
870 2283 1065 2330 Auxerat
1105 2289 1190 2332 hoc
1227 2304 1439 2347 responso
1478 2305 1628 2335 curam

338 2375 359 2408 8
388 2374 473 2428 tum
505 2375 635 2421 RFp.
792 2382 836 2414 13
869 2379 943 2415 ista
975 2380 1136 2419 facienti
1168 2384 1313 2420 dicenti
1346 2386 1524 2432 RFpa,
1550 2385 1629 2422 ista

240 2420 399 2457 facienti
423 2422 499 2458 ista
519 2423 592 2459 dic.
614 2425 665 2460 M
678 2426 775 2470 VD,
801 2427 877 2462 ista
902 2428 1060 2466 facienti
1081 2431 1303 2479 dicentique
1327 2442 1391 2470 νς.
1478 2468 1482 2470 .
1519 2437 1564 2472 18
1589 2435 1629 2472 et

238 2474 326 2506 ante
350 2470 476 2507 occiso
502 2472 589 2508 add.
612 2474 662 2510 Μ
675 2474 765 2519 VD,
794 2476 858 2520 K.,
883 2487 951 2513 om.
979 2479 1174 2525 RFpra.
1446 2503 1448 2507 >
