1630 2678
405 169 418 182 ,
479 137 837 176 EPISTULARUM
860 138 915 174 111
942 143 999 185 19,
1026 141 1084 175 20.
1419 137 1479 182 85

74 252 196 297 bant.
257 249 505 309 Supersunt
545 265 684 307 senes,
718 266 771 294 ex
804 250 964 307 quibus
1006 250 1157 294 audire
1197 250 1319 294 soleo
1359 249 1479 292 hunc

77 312 276 358 ordinem
308 311 608 357 comitiorum:
633 312 768 356 citato
799 312 979 356 nomine
1006 311 1228 355 candidati
1253 310 1478 354 silentium

76 388 316 431 mmmmm
347 373 520 418 dicebat
550 374 646 430 ipse
672 388 752 430 pro
785 388 850 430 se,
882 373 1131 430 explicabat
1161 372 1298 416 vitam
1344 387 1480 427 suam,

75 437 212 480 testes
242 438 287 480 et
315 435 567 479 laudatores
599 434 733 478 dabat
771 435 843 478 vel
867 449 981 490 eum,
1018 434 1100 478 sub
1140 449 1228 490 quo
1266 406 1480 477 militave-7

75 499 167 554 rat,
203 497 275 541 vel
324 511 439 553 eum,
470 496 542 540 cui
580 499 787 552 quaestor
826 495 987 549 fuerat,
1029 496 1100 539 vel
1143 498 1400 551 utrumque,
1442 494 1480 537 si

76 560 265 616 poterat,
295 557 483 602 addebat
513 556 726 614 quosdam
769 572 823 600 ex
854 557 1235 615 suffragatoribus3
1276 556 1344 599 1111
1384 569 1481 614 gra·

77 619 195 664 viter
224 622 270 663 et
298 619 453 676 paucis
495 618 800 675 loquebantur.
877 617 983 661 Plus
1027 618 1114 661 hoc
1155 633 1288 674 quam
1328 630 1480 674 preces

78 680 299 739 proderat.
360 679 467 724 Non
496 694 738 735 numquam
766 679 1023 723 candidatus
1055 682 1133 722 aut
1163 679 1331 722 natales
1364 693 1481 722 com-

78 741 281 800 petitoris
313 744 391 785 aut
409 755 548 785 annos
580 744 657 784 aut
688 740 820 784 etiam
854 755 998 784 mores
1031 740 1254 798 arguebat.
1318 739 1482 783 Audie-

80 803 158 848 bat
187 805 365 847 senatus
397 803 613 861 gravitate
638 802 847 846 censoria.
904 800 974 845 Ita
999 802 1173 858 saepius
1198 801 1323 860 digni
1348 816 1481 857 quam

79 864 265 924 gratiosi
296 863 619 922 praevalebant.
671 862 792 916 Quae
817 877 935 906 nunc
961 863 1183 907 inmodico
1209 863 1361 906 favore
1387 877 1480 906 cor-

77 927 212 983 rupta
241 925 295 970 ad
328 925 465 970 tacita
496 925 705 983 suffragia
737 924 863 981 quasi
903 924 958 967 ad
990 925 1230 968 remedium
1274 924 1481 967 decucur-

76 989 248 1042 rerunt3
279 986 399 1043 quod
429 986 606 1030 interim
646 986 777 1043 plane
808 985 1050 1030 remedium
1082 986 1184 1041 fuit3
1229 988 1323 1029 erat
1363 985 1480 1028 enim

76 1062 243 1092 novum
275 1050 320 1091 et
343 1047 551 1091 subitum.
605 1046 691 1091 Sed
716 1062 888 1103 vereor,
914 1062 969 1090 ne
995 1047 1257 1116 procedente
1283 1050 1482 1102 tempore

80 1124 136 1153 ex
164 1108 264 1166 ipso
295 1108 488 1152 remedio
522 1109 628 1151 vitia
659 1111 907 1152 nascantur.
958 1108 1043 1151 Est
1073 1109 1191 1152 enim
1223 1109 1482 1165 periculum,

77 1185 135 1215 ne
165 1170 312 1214 tacitis
357 1170 578 1228 suffragiis
610 1170 884 1226 impudentia
926 1170 1110 1226 inrepat.
1185 1169 1301 1213 Nam
1344 1172 1481 1225 quoto

81 1231 242 1288 cuique
286 1231 438 1275 eadem
482 1231 726 1275 honestatis
769 1246 874 1275 cura
924 1234 1092 1275 secreto
1148 1246 1260 1287 quae
1305 1229 1482 1299 palam?

79 1291 213 1337 Multi
242 1292 420 1347 famam,
451 1292 765 1337 conscientiam
799 1293 929 1349 pauci
955 1295 1172 1335 verentur.
1237 1290 1322 1335 Sed
1348 1291 1481 1334 nimis

79 1354 170 1398 cito
201 1353 256 1398 de
281 1354 461 1398 futuris:
492 1354 670 1397 interim
696 1354 910 1398 beneficio
936 1353 1197 1396 tabellarum
1223 1353 1481 1396 habebimus

77 1415 376 1474 magistram,
409 1416 485 1472 qui
517 1415 706 1458 maxime
738 1415 834 1459 fieri
866 1415 1121 1458 debuerunt.
1193 1413 1310 1458 Nam
1343 1416 1393 1457 ut
1434 1414 1482 1456 in

77 1476 400 1534 reciperatoriis
432 1476 606 1520 iudiciis
639 1476 702 1520 sic
734 1491 815 1520 nos
849 1477 895 1518 in
927 1476 995 1518 his
1029 1476 1220 1519 comitiis
1260 1475 1385 1532 (111881
1417 1490 1481 1519 re-

77 1540 210 1595 pente
242 1537 504 1595 adprehensi
537 1538 696 1581 sinceri
729 1537 894 1581 iudices
927 1537 1102 1580 fuimus.

157 1597 280 1643 Haec
305 1598 387 1643 tibi
412 1599 582 1656 scripsi,
608 1599 800 1655 primum
833 1601 884 1641 ut
909 1597 1076 1654 aliquid
1101 1597 1207 1641 novi
1233 1597 1479 1653 scriberem,

78 1659 235 1704 deinde
267 1663 317 1704 ut
347 1675 439 1704 non
470 1674 711 1716 numquam
746 1659 798 1702 de
830 1674 876 1702 re
901 1659 1081 1716 publica
1105 1659 1322 1715 loquerer,
1355 1659 1479 1702 cuius

78 1721 285 1765 materiae
322 1721 451 1765 nobis
498 1723 662 1778 quanto
701 1720 841 1763 rarior
873 1734 1004 1776 quam
1048 1720 1269 1764 veteribus
1308 1720 1480 1764 occasio

78 1784 203 1826 tanto
235 1783 381 1826 minus
424 1782 667 1825 omittenda
698 1784 774 1825 est.
838 1779 899 1824 Et
930 1780 1107 1825 hercule
1140 1795 1369 1838 quousque
1405 1781 1481 1824 illa

78 1842 278 1900 vulgaria
322 1840 460 1894 ‘Quid
480 1842 604 1900 agis?
637 1842 794 1899 ecquid
814 1842 1044 1886 commode
1064 1842 1235 1886 vales?
1277 1841 1482 1886 Habeant

78 1906 254 1947 nostrae
287 1918 463 1961 quoque
493 1904 666 1947 litterae
705 1903 871 1960 aliquid
902 1919 994 1948 non
1025 1904 1194 1947 humile
1231 1917 1313 1947 nec
1345 1903 1481 1947 sordi-

79 1964 185 2008 dum
217 1979 297 2008 nec
328 1964 511 2022 privatis
538 1964 668 2008 rebus
695 1964 926 2008 inclusum.
979 1964 1093 2008 Sunt
1119 1965 1296 2021 quidem
1323 1967 1481 2009 cuncta

80 2025 163 2070 sub
195 2026 326 2070 unius
365 2025 566 2082 arbitrio,
612 2026 687 2082 qui
732 2041 813 2083 pro
858 2026 1051 2070 utilitate
1093 2026 1317 2070 communi
1359 2026 1480 2069 solus

79 2086 278 2131 omnium
311 2101 438 2131 curas
469 2086 728 2144 laboresque
761 2087 972 2145 suscepit,
1012 2087 1190 2144 quidam
1230 2091 1377 2130 tamen
1416 2101 1481 2130 sa-

78 2147 198 2192 lubri
228 2151 576 2205 temperamento
609 2148 662 2191 ad
705 2163 786 2192 nos
819 2162 994 2205 quoque
1037 2149 1158 2191 velut
1189 2148 1272 2191 rivi
1311 2163 1366 2191 ex
1401 2147 1480 2192 1110

77 2209 394 2268 benignissimo
422 2210 544 2253 fonte
563 2209 816 2266 decurrunt,
837 2225 948 2267 quos
970 2214 1013 2253 et
1031 2210 1206 2253 haurire
1233 2210 1318 2266 ipsi
1344 2212 1388 2253 et
1407 2209 1480 2253 ab·

79 2269 279 2315 sentibus
324 2270 475 2314 amicis
523 2270 647 2327 quasi
692 2271 940 2315 ministrare
986 2270 1187 2328 epistulis
1234 2285 1479 2327 possumus.

78 2330 203 2376 Vale.

177 2467 199 2500 4
226 2462 297 2500 sub
324 2475 400 2510 quo
427 2463 663 2500 militaverat
683 2463 773 2502 RF
782 2464 821 2500 D
828 2475 941 2510 pra,
968 2462 1038 2499 sub
1066 2474 1141 2510 quo
1168 2463 1319 2510 legatus
1341 2464 1391 2501 M
1404 2463 1476 2501 Vs.

1505 259 1528 292 5

1506 626 1528 659 6

1508 872 1528 905 '1

1507 1055 1530 1089 8

1509 1609 1554 1641 10

1509 1791 1552 1824 11

1508 1975 1553 2008 12
