1716 2742
412 137 777 175 EPISTULARUM
805 138 876 175 VII
903 139 1113 175 33—V111
1140 144 1175 176 2.
1432 141 1524 186 205

351 305 402 356 o,
436 304 623 355 PLINI
663 305 927 355 CAEcffl
968 305 1259 356 SECUNDI

298 430 357 497 E
394 430 452 498 P
485 430 522 497 Ι
555 429 600 498 S
635 430 691 497 Τ
727 431 793 498 U
825 430 882 497 L
917 431 985 498 A
1019 431 1085 498 R
1119 431 1186 499 U
1219 431 1297 498 M

546 577 730 623 LIBER
766 578 1060 624 OCTAVUS.

787 772 820 811 I.
963 763 1106 821 Qu„
1123 767 1234 845 [5.-
1247 757 1412 833 0902}
1440 800 1446 803 .

38 863 57 891 5
440 861 481 894 C.
506 861 713 895 PLINIUS
742 861 977 895 SEPTICIO
1007 861 1103 895 SUO
1134 862 1173 895 S.

177 942 270 988 Iter
305 943 541 988 commode
584 944 799 1002 explicui,
842 947 1029 1002 excepto
1075 944 1196 1002 quod
1241 945 1423 1002 quidam
1467 961 1524 989 ex
1554 956 1572 988 1

84 1006 195 1051 meis
216 1006 450 1051 adversam
483 1006 788 1051 valetudinem
818 1007 1163 1051 ferventissimis
1193 1007 1392 1052 aestibus
1421 1023 1525 1052 con·

83 1072 329 1114 traxerunt.
395 1068 646 1127 Encolpius
681 1069 862 1127 quidem
895 1070 1056 1126 lector,
1096 1069 1173 1114 ille
1208 1071 1324 1114 seria
1355 1073 1525 1128 nostra,
1552 1081 1573 1114 2

84 1132 162 1176 ille
205 1131 412 1190 deliciae,
455 1133 730 1190 exasperatis
776 1133 984 1177 faucibus
1028 1133 1214 1190 pulvere
1257 1133 1523 1192 sanguinem

23 1208 61 1235 ιο
86 1194 254 1240 reiecit.
320 1194 465 1248 Quam
508 1195 637 1239 triste
679 1195 767 1240 hoc
810 1195 917 1254 ipsi,
961 1211 1098 1253 quam
1141 1196 1352 1240 acerbum
1393 1196 1525 1253 mihi,

83 1258 123 1301 si
141 1258 195 1315 is,
222 1258 296 1302 cui
319 1258 466 1302 omnis
487 1273 543 1302 ex
564 1258 724 1302 studiis
746 1259 911 1317 gratia,
939 1258 1152 1303 inhabilis
1181 1259 1342 1303 studiis
1369 1259 1524 1303 fuerit!

85 1319 196 1373 Quis
230 1320 390 1365 deinde
422 1321 604 1365 libellos
638 1336 762 1365 meos
790 1322 855 1366 sic
886 1323 1030 1380 leget,
1062 1322 1127 1366 sic
1154 1322 1355 1366 amabit?
1389 1337 1523 1379 quem

83 1398 212 1427 aures
245 1399 370 1428 meae
404 1383 469 1428 sic
501 1384 776 1442 sequentur?
817 1383 904 1428 Sed
939 1384 984 1428 di
1017 1384 1206 1428 laetiora
1238 1385 1522 1442 promittunt.
1552 1395 1573 1428 3

83 1444 222 1490 Stetit
242 1446 441 1506 sanguis,
459 1447 624 1491 resedit
638 1447 779 1491 dolor.
807 1447 1044 1492 Praeterea
1062 1447 1296 1491 continens
1311 1448 1422 1505 ipse,
1440 1463 1523 1492 nos

19 1521 56 1548 15
83 1508 288 1566 solliciti,
307 1509 472 1554 medici
492 1509 744 1569 diligentes.
772 1509 844 1554 Ad
866 1511 954 1555 hoc
975 1510 1216 1554 salubritas
1232 1511 1362 1568 caeli,
1384 1525 1524 1556 seces—

84 1586 179 1629 sus,
201 1572 327 1629 quies
348 1574 527 1616 tantum
550 1573 708 1617 salutis
731 1576 951 1630 quantum
974 1573 1055 1616 otii
1075 1572 1359 1630 pollicentur.
1397 1573 1522 1618 Vale.

774 1690 828 1729 Π·
865 1689 1054 1745 amssm
1079 1703 1214 1764 {pus
1245 1708 1554 1760 [pov-claun

432 1779 475 1812 c,
498 1779 704 1812 PLINIUS
733 1778 868 1812 CALV
870 1779 973 1813 ISIO
1003 1779 1100 1813 sto
1130 1779 1168 1813 s.
1318 1762 1489 1820 72⁶⁶ss
1502 1766 1667 1798 “uw-

178 1859 273 1904 Alii
306 1861 355 1904 in
387 1861 571 1918 praedia
604 1876 686 1905 sua
718 1861 1089 1919 proficiscuntur,
1121 1864 1173 1905 ut
1198 1862 1522 1919 locupletiores
1551 1874 1570 1905 1

0 1939 57 1979 2³²⁰
82 1926 386 1982 revertantur,
420 1938 525 1982 ego,
557 1926 609 1967 ut
635 1924 888 1982 pauperior.
942 1923 1246 1968 Vendideram
1273 1925 1521 1969 vindemias

0 1989 7 2062 Ἰ
82 1986 287 2031 certatim
321 1986 681 2045 negotiatoribus
722 1987 987 2031 ementibus.
1052 1985 1281 2031 Invitabat
1313 1988 1523 2045 pretium,

7 2076 10 2082 ·
82 2053 127 2094 et
164 2049 286 2107 quod
327 2052 438 2093 tunc
480 2051 525 2093 et
568 2049 689 2107 quod
731 2050 829 2094 fore
874 2049 1123 2094 videbatur.
1190 2049 1303 2107 Spes
1345 2050 1520 2095 fefellit.
1548 2062 1570 2094 2

81 2112 195 2157 Erat
227 2111 487 2170 expeditum
521 2111 731 2157 omnibus
757 2113 985 2157 remittere
1019 2113 1283 2170 aequaliter,
1318 2113 1395 2157 sed
1428 2128 1521 2157 non

20 2223 22 2225 ,
82 2176 193 2220 satis
227 2190 433 2232 aequum
498 2174 611 2219 Mihi
644 2178 795 2219 autem
823 2176 1056 2235 egregium
1083 2177 1132 2219 in
1157 2175 1316 2234 primis
1343 2175 1521 2219 videtur

17 2243 55 2280 '8⁶
82 2241 134 2282 ut
172 2238 284 2283 foris
326 2238 391 2282 ita
431 2237 573 2295 domi,
614 2241 666 2282 ut
698 2238 746 2282 in
778 2239 955 2298 magnis
998 2239 1062 2283 ita
1094 2239 1143 2282 in
1175 2239 1347 2296 parvis,
1389 2241 1440 2282 ut
1473 2239 1521 2283 in

82 2300 241 2345 alienis
284 2300 348 2345 ita
391 2301 438 2344 in
482 2300 573 2344 suis
617 2300 788 2359 agitare
831 2301 1063 2346 iustitiam.
1128 2300 1267 2358 Nam,
1312 2302 1350 2345 si
1392 2302 1520 2359 paria

0 2357 17 2426 ξ
82 2366 283 2422 peccata,
322 2378 452 2422 pares
486 2364 622 2407 etiam
654 2363 821 2408 laudes.
886 2362 1045 2422 Itaque
1079 2363 1288 2408 omnibus
1323 2364 1518 2422 quidem,
1547 2376 1568 2409 3

0 2517 3 2520 y
184 2478 228 2510 11
258 2474 291 2510 si
318 2474 364 2521 is,
392 2474 641 2522 cui...gr.
671 2474 751 2511 inh.
780 2487 817 2519 a,
846 2475 912 2520 K.
940 2475 992 2511 sit
1019 2475 1114 2512 cui.
1138 2475 1318 2522 ..gi-,si
1345 2475 1426 2513 inh.
1457 2476 1518 2521 M,

83 2523 129 2569 si,
157 2524 222 2561 cui
244 2554 252 2561 .
275 2554 282 2560 .
307 2554 313 2560 .
336 2536 406 2572 gr„
434 2525 467 2560 is
495 2524 574 2562 inh.
607 2504 710 2570 O'tto,
739 2525 876 2562 Muell.
