1630 2678
142 120 201 165 56
733 114 769 151 c.
791 113 926 150 Palm

143 232 282 275 inesse
308 229 642 287 repetundarum
669 227 774 284 legi,
802 225 919 282 quod
946 223 1289 281 postularemus,
1320 235 1421 276 cum
1445 221 1529 266 hac

144 293 237 350 ipsa
267 292 362 350 lege
393 294 486 334 tum
513 289 608 332 aliis
636 287 931 345 colligendum
963 285 1072 341 fuit3
1105 284 1224 340 quod
1250 297 1529 340 nequaquam

144 352 349 397 blandum
364 351 538 394 auribus
553 349 855 406 imperitorum
870 350 993 391 tanto
1015 345 1224 389 maiorem
1245 343 1362 402 apud
1375 344 1529 388 doctos
1561 384 1574 396 ,

144 415 299 458 habere
332 412 513 470 gratiam
547 410 690 466 debet,
724 411 887 466 quanto
921 409 1135 451 minorem
1174 407 1291 464 apud
1325 405 1529 453 indoctos

97 481 118 513 9
144 475 284 518 habet.
358 472 450 516 Nos
495 475 660 527 autem,
705 471 742 513 si
785 470 1000 526 placuerit
1043 468 1247 525 recitare,
1290 466 1530 511 adhibituri
1555 482 1573 509 5

146 550 290 579 sumus
322 533 660 577 eruditissimum
700 546 927 587 quemque.
992 529 1077 574 Sed
1114 529 1247 586 plane
1282 527 1445 584 adhuc,
1475 542 1532 571 an

145 597 201 639 sit
236 594 524 649 recitandum,
575 593 774 637 examina
814 595 957 636 tecum
998 605 1254 647 omnesque,
1297 602 1408 646 quos
1449 603 1531 647 ego

145 657 277 712 movi,
309 656 354 698 in
386 658 569 710 utraque
601 656 724 711 parte
764 653 954 697 calculos
992 667 1106 709 pone
1144 651 1276 708 idque
1313 650 1448 709 elige,
1486 650 1531 692 in

145 732 229 774 quo
262 716 413 760 vicerit
443 716 566 759 ratio.
623 715 663 758 A
695 717 737 758 te
770 714 885 758 enim
917 715 1029 758 ratio
1056 713 1272 771 exigetur,
1297 726 1380 756 nos
1406 725 1533 755 excu-

145 778 256 822 sabit
288 777 555 833 obsequium.
619 775 740 819 Vale.
1560 793 1596 821 η

795 890 879 928 ΧΧ.

483 976 525 1010 C.
548 976 747 1009 PLINIUS
774 975 1006 1009 CALVISIO
1035 975 1129 1008 SUO
1158 975 1195 1008 S.

99 1069 115 1100 1
221 1058 376 1102 Assem
402 1073 507 1115 para
526 1059 569 1100 et
589 1057 734 1114 accipe
755 1071 928 1100 auream
949 1055 1163 1111 fabulam,
1187 1054 1360 1099 fabulas
1380 1054 1536 1111 imm03

143 1135 243 1163 nam
276 1134 344 1162 me
383 1120 579 1176 priorum
621 1133 735 1161 nova
776 1117 1023 1172 admonuit,
1062 1131 1143 1160 nec
1183 1115 1339 1172 refert,
1383 1131 1409 1159 a
1449 1130 1538 1172 qua

98 1190 118 1221 2
145 1181 420 1238 potissimum
453 1179 671 1236 incipiam.
722 1178 912 1222 Verania
939 1178 1112 1222 Pisonis
1138 1176 1331 1236 guaviter
1355 1176 1536 1233 iacebat,
1563 1195 1598 1222 15

144 1242 272 1284 huius
306 1241 402 1284 dico
434 1240 624 1295 Pisonis,
665 1255 793 1296 quem
827 1238 964 1283 Galba
1006 1238 1244 1295 adoptavit.
1314 1237 1385 1281 Ad
1422 1237 1538 1281 hanc

146 1301 338 1360 Regulus
363 1301 493 1345 venit.
546 1301 740 1344 Primum
773 1300 1090 1358 impudentiam
1115 1298 1328 1354 hominis,
1359 1298 1437 1356 qui
1467 1313 1538 1342 ve-

145 1364 257 1406 nerit
289 1363 342 1406 ad
373 1377 568 1420 aegram,
609 1363 731 1406 cuius
776 1362 934 1405 marito
977 1361 1325 1418 inimicissimus,
1356 1360 1443 1418 ipsi
1474 1360 1538 1404 in-

100 1432 120 1464 3
147 1424 387 1467 visissimus
419 1424 577 1466 fuerat!
639 1423 769 1478 Esto,
801 1423 838 1466 si
863 1423 984 1466 venit
1008 1425 1200 1466 tantum:
1233 1424 1280 1466 at
1303 1421 1380 1466 ille
1405 1421 1539 1465 etiam

147 1485 369 1541 proximus
401 1487 497 1527 toro
530 1484 658 1535 sedit,
692 1499 778 1541 quo
811 1483 900 1540 die,
932 1499 1019 1539 qua
1049 1484 1159 1526 hora
1183 1485 1288 1527 nata
1312 1485 1443 1540 esset,
1475 1482 1539 1525 in-
1564 1502 1600 1528 so

148 1546 395 1602 terrogavit.
456 1544 546 1589 Ubi
566 1545 721 1601 audiit,
747 1545 974 1602 componit
993 1545 1184 1600 vultum,
1208 1543 1398 1588 intendit
1438 1558 1540 1588 ocu-

149 1606 236 1661 los,
267 1608 413 1648 movet
442 1606 581 1661 labra,
612 1607 750 1664 agitat
782 1606 961 1664 digitos,
1000 1607 1239 1663 computat.
1289 1604 1428 1649 Nihil.
1476 1603 1540 1649 Ut

150 1666 224 1709 diu
268 1667 467 1708 miseram
519 1668 819 1722 expectatione
865 1666 1113 1723 suspendit,
1159 1665 1351 1710 ‘Habes'
1394 1665 1541 1722 inquit

103 1735 125 1767 4
151 1727 510 1770 ‘climactericum
531 1730 721 1783 tempus,
742 1728 815 1771 sed
842 1728 1008 1772 evades.
1061 1727 1188 1780 Quod
1214 1730 1265 1771 ut
1289 1727 1372 1771 tibi
1397 1726 1539 1784 magis

151 1788 332 1843 liqueat,
377 1787 649 1843 haruspicem
695 1789 931 1844 consulam,
977 1804 1106 1845 quem
1151 1803 1249 1832 sum
1286 1788 1542 1844 frequenter
1565 1806 1602 1834 2⁶

105 1857 126 1888 5
153 1847 382 1905 expertus'.
445 1847 538 1891 Nec
571 1863 708 1904 mora,
742 1850 1001 1893 sacrificium
1033 1850 1159 1907 facit,
1199 1849 1404 1893 adfirmat
1441 1850 1542 1892 exta

153 1924 251 1952 cum
284 1909 473 1952 siderum
505 1909 823 1966 significatione
850 1925 1101 1968 congruere.
1163 1909 1247 1954 Illa
1277 1914 1328 1954 ut
1352 1911 1400 1954 in
1429 1909 1542 1966 peri-

153 1971 250 2013 culo
284 1969 459 2013 credula
489 1970 631 2025 poscit
663 1971 906 2026 codicillos,
935 1973 1131 2029 legatum
1163 1971 1337 2030 Regulo
1376 1970 1541 2015 scribit.

154 2030 257 2073 Mox
301 2030 582 2088 ingravescit,
626 2031 784 2073 clamat
837 2033 1027 2075 moriens
1070 2033 1295 2076 hominem
1339 2045 1542 2088 nequam,

154 2091 366 2147 perfidum
399 2106 449 2134 ac
480 2091 579 2146 plus
612 2092 741 2134 etiam
784 2107 913 2147 quam
947 2094 1186 2151 periurum,
1229 2094 1305 2151 qui
1337 2093 1422 2137 sibi
1464 2107 1544 2150 per
1567 2110 1604 2138 ao

249 2238 274 2287 ‘1
303 2244 384 2269 esse
410 2234 551 2280 RFp,
584 2235 707 2270 inesse
734 2235 810 2270 rell.
944 2239 963 2271 9
991 2237 1167 2284 exigetur
1191 2238 1366 2284 RFps,
1390 2236 1543 2284 Stamql,

158 2282 277 2328 exigit
304 2283 353 2318 M
365 2283 405 2327 V,
431 2283 599 2329 exigitur
625 2284 677 2327 D,
704 2283 767 2326 K.‚
797 2283 946 2329 exigere
971 2297 1003 2321 r.
1115 2290 1161 2322 18
1187 2286 1263 2333 ipsi
1288 2284 1543 2322 invisissimus

158 2341 226 2366 om.
254 2332 303 2367 M
310 2331 369 2367 Vr
379 2340 411 2366 ς.
463 2335 508 2366 29
535 2333 577 2367 in
597 2332 634 2368 R
654 2336 738 2368 ante
766 2331 956 2368 hominem
977 2346 1057 2370 una
1076 2335 1202 2371 littera
1221 2346 1345 2379 erasa,
1376 2345 1398 2370 ο
1420 2333 1544 2370 homi-

159 2389 243 2414 nem
271 2379 423 2425 Fpra,
458 2381 555 2425 quod
586 2382 682 2416 tueri
707 2382 830 2426 possis
861 2393 943 2417 cum
977 2384 1109 2419 Muell.
1136 2388 1170 2419 et
1197 2385 1315 2420 Merr.
1342 2384 1398 2420 ita
1428 2383 1543 2419 imer-

154 2438 343 2474 punyens:
370 2427 417 2464 ‘O
444 2427 637 2464 hominem
666 2457 826 2465 ......
852 2430 1084 2475 periurum?
1111 2431 1188 2478 qui.
