1630 2678
4 0 29 211 ι
505 148 864 186 EPISTULARUM
887 149 923 186 v
950 152 1105 187 19-21
1412 153 1500 198 143

7 231 23 269 ’ἰ

8 293 19 336 3
102 274 222 319 vero,
250 274 384 320 quam
405 260 626 306 Candidus
651 262 925 318 loquentiam
951 263 1159 332 appellat,
1188 262 1341 308 multis
1368 266 1500 320 atque

102 322 236 370 etim
257 322 643 380 impudentissimo
669 324 828 380 cuique
854 323 1044 367 maxime
1070 323 1270 382 contigit.
1315 323 1499 369 Postero
1527 336 1548 369 6

103 382 175 429 die
204 382 319 428 dixit
354 399 436 442 pro
469 383 646 428 Vareno
678 384 917 428 Homullus
956 385 1127 441 callide,
1164 385 1335 442 acriter,
1371 386 1502 442 culte,

10 487 11 490 ,
101 446 259 490 eontra
312 444 528 503 Nigrinus
579 461 750 503 presse,
806 446 1016 504 graviter,
1074 449 1238 491 ornate.
1321 445 1502 491 Censuit

12 515 14 517 ’
101 503 275 551 Acilius
294 505 452 564 Rufus,
477 508 633 551 consul
651 507 922 565 designatus,
940 507 1274 564 inquisitionem
1293 506 1500 565 Bithynis

100 566 305 624 dandam,
327 569 675 626 postulationem
706 567 870 612 Vareni
902 569 1078 612 silentio
1110 569 1347 626 praeteriit.
1380 568 1504 614 Haec
1529 580 1550 614 ’1

5 634 11 642 “
100 627 269 677 ἔοι-11111,
286 629 479 688 negandi
521 629 619 674 fuit.
683 628 912 673 Cornelius
953 629 1130 674 Priscus
1172 630 1416 675 consularis
1457 633 1502 674 et

38 825 77 854 10

39 1179 76 1209 15

101 690 448 747 wcusatoribus,
490 705 602 748 quae
642 691 873 748 petebant,
912 695 957 735 et
997 706 1072 735 reo
1113 691 1272 735 tribuit
1308 691 1502 748 vicitque

99 765 297 796 numero.
368 750 707 810 Impetravimus
748 767 842 796 rem
883 767 966 796 nec
1002 753 1102 811 lege
1140 753 1502 810 comprehensam

99 827 183 857 nec
214 812 322 857 satis
353 813 575 871 usitatam,
606 814 768 857 iustam
799 816 960 857 tamen.
1024 813 1167 866 Quare
1198 814 1374 871 iustam,
1410 829 1503 858 non
1527 825 1550 859 8

100 888 201 918 sum
226 874 418 932 epistula
442 877 718 931 executurus,
749 877 799 918 ut
831 875 1049 919 desideres
1079 876 1309 920 actionem.
1371 874 1502 932 Nam,

101 935 140 979 si
171 950 325 980 verum
357 938 424 980 est
454 935 741 980 Homericum
774 936 905 980 illud:

100 1021 197 1078 τὴν
227 1021 328 1079 γὰρ
367 1020 560 1078 ἀοιδὴν
591 1025 796 1078 μᾶλλον
834 1021 1164 1066 ἐπικλείουσ’
1198 1023 1502 1080 ἄνθρωποι,

99 1081 130 1140 ἥ
160 1097 242 1135 τις
273 1082 634 1127 ἀκουόντεσσι
664 1082 900 1140 νεωτάτη
934 1083 1323 1141 ἀμφιπέληται,

99 1167 419 1226 providendum
451 1171 519 1213 est
550 1169 675 1225 mihi,
704 1184 759 1213 ne
791 1170 980 1227 gratiam
1012 1169 1223 1213 novitatis
1257 1172 1302 1213 et
1332 1169 1502 1226 florem,

101 1243 214 1286 quae
270 1230 593 1274 oratiunculam
650 1231 773 1274 illam
835 1231 907 1275 vel
962 1232 1151 1275 maxime
1209 1231 1502 1287 commendat,

100 1290 315 1347 epistulae
346 1291 616 1349 loquacitate
648 1306 942 1349 praecerpam.
1009 1292 1132 1336 Vale.

134 1413 245 1459 2⁴72
262 1404 452 1499 reulus
473 1411 608 1460 aoisss
672 1418 780 1457 XXI.
815 1413 924 1472 [IX.]

287 1502 330 1538 C.
351 1503 552 1538 PLINIUS
580 1504 804 1539 POMPEIO
834 1505 1117 1538 SATURNINO
1146 1504 1241 1538 SUO
1271 1504 1309 1538 S.

187 1582 319 1628 Varie
372 1599 440 1628 me
491 1584 747 1628 adfecerunt
795 1585 969 1628 litterae
1013 1587 1133 1641 tuae;
1182 1600 1286 1628 nam
1336 1586 1499 1643 partim
1528 1597 1545 1628 1

98 1644 228 1701 laeta,
258 1645 420 1702 partim
444 1645 590 1689 tristia
616 1646 917 1690 continebant:
948 1646 1076 1703 laeta,
1107 1646 1226 1703 quod
1251 1649 1296 1690 te
1321 1646 1367 1690 in
1392 1647 1500 1690 urbe

100 1706 241 1750 teneri
289 1707 554 1750 nuntiabant
609 1705 837 1765 (‘nollem'
880 1706 1048 1764 inquis,
1106 1707 1181 1751 sed
1236 1722 1318 1766 ego
1363 1706 1500 1766 volo),

99 1769 325 1824 praeterea
356 1768 475 1824 quod
505 1769 810 1824 recitaturum,
843 1769 992 1811 statim
1025 1770 1076 1812 ut
1105 1769 1341 1826 venissem,
1372 1770 1500 1826 polli-

100 1827 330 1884 cebantur3
371 1843 455 1886 ago
501 1829 684 1886 gratias,
728 1829 847 1886 quod
892 1832 1110 1886 expector.
1186 1829 1331 1874 Triste
1375 1831 1500 1885 illud,
1525 1840 1546 1872 2

103 1888 222 1946 quod
254 1888 394 1932 Iulius
428 1888 593 1933 Valens
631 1891 825 1947 graviter
855 1890 987 1947 iacet3
1025 1905 1292 1949 quamquam
1325 1907 1379 1934 ne
1412 1891 1498 1935 hoc

101 1950 279 2007 quidem
323 1950 467 2006 triste,
513 1951 550 1993 si
591 1951 710 1994 illius
749 1951 1016 1995 utilitatibus
1055 1953 1329 2007 aestimetur,
1373 1952 1497 1996 cuius

100 2011 285 2055 interest
310 2026 442 2068 quam
477 2011 770 2056 maturissime
796 2013 1094 2070 inexplicabili
1122 2014 1275 2057 morbo
1308 2013 1497 2057 liberari.

98 2070 217 2117 Illud
250 2072 379 2129 plane
411 2087 503 2116 non
535 2073 660 2116 triste
692 2074 849 2128 solum,
881 2089 1034 2118 verum
1066 2074 1198 2118 etiam
1231 2075 1497 2130 luctuosum,
1524 2085 1544 2118 3

101 2133 220 2191 quod
243 2132 382 2177 lulius
406 2133 565 2176 Avitus
591 2133 790 2191 decessit,
824 2135 1022 2191 decessit,
1053 2135 1157 2179 dum
1182 2151 1236 2179 ex
1260 2138 1497 2192 quaestura

100 2194 226 2251 redit,
245 2194 432 2238 decessit
452 2194 498 2237 in
518 2195 633 2251 navi,
652 2196 807 2252 procul
820 2212 846 2239 a
858 2196 993 2240 fratre
1007 2196 1322 2251 amantissimo,
1342 2197 1497 2253 procul

101 2271 128 2300 a
158 2258 317 2311 matre,
358 2272 384 2299 a
416 2256 650 2300 sororibus.
713 2256 841 2301 Nihil
878 2258 963 2301 ista
1004 2258 1058 2301 ad
1101 2261 1324 2301 mortuum
1364 2257 1498 2314 perti-
1525 2270 1546 2300 4

200 2379 246 2412 18
273 2376 384 2413 Hom.
413 2390 438 2411 α
463 2379 546 2412 351.
651 2380 694 2412 16
722 2377 992 2414 commendant
1020 2378 1135 2423 Dpr.
1244 2381 1288 2413 19
1315 2377 1497 2423 Pompeio

101 2434 148 2461 ex
173 2425 222 2462 R.
335 2429 380 2461 23
407 2427 612 2471 propterea
639 2426 772 2462 Catan.
887 2430 932 2462 29
953 2428 1066 2472 prius
1093 2426 1257 2462 decessit
1284 2426 1335 2462 M
1345 2426 1368 2471 ¹,
1394 2427 1495 2463 delet.

100 2484 201 2510 man.
228 2475 276 2518 2„
301 2475 436 2511 retinet
460 2474 594 2520 samyt
619 2477 703 2519 668,
729 2475 775 2519 cs.
800 2475 857 2511 VI
879 2479 914 2520 6,
943 2480 975 2512 1.
