1716 2742
149 1143 169 1176 3

150 1685 169 1718 1

195 152 287 197 300
638 146 677 184 O.
704 145 844 183 PLINI
871 145 936 181 ET
963 142 1185 181 TRAIANI

196 265 331 310 etiam
370 263 455 308 toti
493 261 751 321 provinciae
790 260 1003 319 proderit.
1071 258 1187 304 Sunt
1225 257 1345 303 enim
1386 257 1434 302 in
1476 256 1623 315 capite

196 327 437 385 Bithyniae
458 325 755 384 plurimisque
782 339 862 382 per
882 339 978 368 eam
1007 321 1362 368 commeantibus
1383 320 1624 366 transitum

196 390 421 449 praebent.

653 453 884 494 LXXVIII.
921 450 1163 506 [LXXXII]

678 543 931 578 TRAIANUS
958 542 1149 577 PLINIO.

289 627 358 672 Ea
403 627 607 673 condicio
654 629 721 672 est
762 626 958 671 civitatis
1003 624 1328 684 Byzantiorum
1372 622 1626 669 confluente

195 691 393 748 undique
414 691 462 735 in
489 706 587 735 eam
617 689 966 735 commeantium
991 689 1144 746 turba,
1175 690 1227 732 ut
1257 687 1500 733 secundum
1522 700 1626 730 con-

196 754 479 799 suetudinem
525 753 888 812 praecedentium
933 755 1189 810 temporum
1233 749 1483 795 honoribus
1529 748 1624 793 eius

195 816 419 874 praesidio
441 817 717 861 centurionis
731 815 970 875 legionarii
985 813 1310 862 consulendum
1323 812 1627 858 habuerimus.

195 879 248 925 Si
279 878 614 938 Iuliopolitanis
649 879 998 924 succurrendum
1038 877 1195 923 eodem
1235 876 1370 921 modo
1403 873 1627 934 putaveri-

196 958 315 1001 mus,
350 942 637 987 onerabimus
662 958 746 987 nos
775 942 1000 1000 exemplo3
1033 942 1185 999 plures
1213 939 1351 998 enim,
1385 941 1430 983 et
1457 940 1625 997 quanto

196 1006 464 1050 infirmiores
487 1008 618 1050 erunt
625 1040 637 1064 ,
657 1005 775 1049 idem
789 1007 956 1063 petent.
1001 1003 1128 1049 Idem
1142 1002 1354 1048 fiduciam
1367 1000 1627 1061 diligentiae

195 1073 294 1114 tuae
322 1069 486 1126 habeo,
519 1071 571 1113 ut
597 1068 774 1113 credam
804 1070 849 1112 te
881 1067 1005 1112 omni
1031 1066 1206 1112 ratione
1236 1065 1282 1110 id
1313 1067 1538 1122 acturum,
1570 1079 1627 1108 ne

197 1132 289 1177 sint
309 1132 494 1176 obnoxii
513 1131 702 1176 iniuriis.
756 1129 805 1176 Si
826 1131 905 1188 qui
925 1133 1075 1175 autem
1096 1144 1143 1175 se
1164 1131 1320 1174 contra
1341 1127 1626 1186 disciplinam

197 1210 342 1239 meam
377 1195 618 1254 gesserint,
658 1194 811 1240 statim
853 1195 1161 1252 coerceantur3
1202 1194 1300 1250 aut,
1341 1191 1379 1236 si
1413 1191 1516 1249 plus
1549 1189 1627 1235 ad-

197 1257 419 1316 miserint,
465 1273 600 1316 quam
632 1259 684 1301 ut
716 1257 763 1301 in
802 1273 849 1301 re
881 1256 1107 1314 praesenti
1140 1254 1248 1300 satis
1281 1254 1548 1313 puniantur,
1590 1252 1628 1298 si

197 1321 362 1365 milites
383 1323 532 1379 erunt,
552 1320 714 1379 legatis
736 1335 909 1378 eorum,
932 1319 1054 1378 quod
1074 1317 1439 1377 deprehenderis,
1468 1318 1628 1361 notum

197 1384 333 1429 facies
355 1387 452 1442 aut,
472 1384 511 1430 si
530 1384 579 1428 in
599 1383 755 1428 urbem
776 1397 931 1428 versus
952 1381 1132 1427 venturi
1152 1383 1301 1440 erunt,
1322 1379 1434 1426 mihi
1449 1378 1627 1424 scribes.

661 1499 846 1540 LXXIX.
882 1496 1148 1552 [LXXXH1.]

472 1590 515 1625 C.
540 1589 747 1625 PLINIUS
776 1589 1001 1624 TRAIANO
1029 1577 1364 1623 IMPERATORI.

293 1671 485 1718 Cautum
519 1676 604 1729 est,
639 1671 839 1731 domine,
873 1672 1090 1731 Pompeia
1121 1672 1164 1716 le
1199 1687 1222 1716 e
1306 1686 1389 1715 uae
1415 1669 1525 1714 Bith
1557 1668 1627 1715 nis

199 1737 302 1807 (lata
329 1739 396 1781 est
447 1752 503 1781 ne
532 1736 632 1794 quis
660 1735 810 1794 capiat
835 1731 1151 1794 magisffatum
1171 1749 1284 1779 neve
1311 1733 1372 1779 sit
1395 1732 1443 1778 in
1470 1729 1629 1777 senatu

199 1815 346 1844 minor
385 1815 606 1844 annorum
648 1799 847 1858 triginta.
912 1797 1083 1842 Eadem
1125 1798 1225 1857 lege
1269 1795 1629 1854 conprehensum

199 1865 283 1920 est,
336 1865 406 1920 ut,
458 1862 535 1920 qui
582 1862 783 1920 ceperint
833 1861 1170 1920 magistratum,
1223 1859 1315 1905 sint
1358 1859 1407 1904 in
1459 1860 1629 1904 senatu.
1694 1907 1697 1911 ⁸

150 1937 171 1969 2
200 1923 413 1970 Secutum
465 1928 533 1970 est
585 1925 687 1970 dein
739 1925 935 1969 edictum
989 1923 1079 1968 divi
1117 1922 1336 1983 Augusti,
1390 1937 1480 1980 quo
1531 1937 1629 1980 per-

150 2062 171 2095 3

199 1987 322 2032 misit
374 1987 570 2033 minores
629 1988 917 2048 magistratus
977 1987 1032 2031 ab
1092 1987 1220 2031 annis
1277 1984 1409 2031 XXV
1460 1999 1629 2043 capere.

201 2049 440 2103 Quaeritur
472 2067 597 2111 ergo,
632 2067 708 2109 an,
742 2051 820 2109 qui
853 2050 1001 2095 minor
1029 2049 1217 2109 triginta
1243 2063 1464 2093 annorum
1491 2047 1631 2107 gessit

302 2152 348 2186 10
376 2149 409 2186 si
435 2150 523 2187 add.
547 2150 630 2188 Cat.
734 2148 807 2185 11·
834 2148 938 2186 enim
966 2149 1006 2185 et
1027 2176 1035 2184 .
1058 2177 1066 2185 .
1089 2177 1097 2185 .
1118 2147 1223 2185 idem
1250 2147 1389 2194 petent
1412 2147 1462 2192 B,
1487 2146 1629 2192 Hard„

199 2200 337 2246 petent
356 2211 426 2237 om.
442 2201 492 2246 A,
513 2200 662 2248 Stangl,
684 2201 865 2237 lacunam
884 2199 1063 2236 indicant
1076 2199 1128 2235 K.
1143 2199 1204 2244 II,
1219 2198 1380 2244 Muell.;
1399 2196 1504 2234 enim
1517 2197 1629 2233 tanto

199 2249 487 2346 ἓῖἰῗζίῗέἓῗ
497 2249 982 2350 {fffissnss'ffsssstssjssefi
984 2249 1083 2336 “¹21ss
1086 2260 1146 2336 re1¹⁵
1170 2247 1581 2335 θωῗθὶηὲῗῒὴιθῗά
1591 2275 1628 2334 a·

201 2350 290 2387 add.
314 2349 410 2396 Cat„
432 2351 483 2387 K.
499 2351 534 2396 1,
555 2351 697 2395 Hard.,
717 2311 1092 2398 v.'Stan91p.96‘74.'
1180 2347 1252 2386 18·
1276 2359 1353 2396 pro
1372 2359 1506 2384 versus
1527 2325 1631 2394 (vide

201 2400 346 2445 Hard„
385 2401 453 2447 qui
490 2401 636 2446 confert
670 2400 894 2448 dissimilia)
931 2400 1065 2437 malim
1099 2399 1143 2436 in
1178 2399 1240 2435 ius
1276 2403 1322 2436 ut
1351 2409 1490 2446 paney.
1519 2400 1579 2444 36,
1606 2400 1630 2435 3

202 2452 252 2497 (v.
278 2450 401 2488 Wien.
430 2450 538 2487 stud.
567 2451 696 2487 XXV
718 2452 823 2497 312).
978 2454 1024 2487 26
1059 2449 1109 2486 ab
1144 2448 1257 2485 annis
1290 2447 1399 2484 XXII
1430 2449 1544 2496 vuly,
1579 2446 1629 2484 ab

201 2499 314 2537 annis
334 2499 370 2536 V
390 2500 581 2546 Nipperd.
616 2500 707 2538 ‘Die
727 2500 823 2548 leyes
843 2500 949 2538 arm?
963 2512 1004 2547 p.
1022 2502 1071 2537 15
1089 2511 1143 2545 w,
1162 2500 1249 2537 item
1271 2498 1382 2544 infra
1396 2510 1437 2546 p.
1459 2501 1546 2544 301,
1565 2500 1629 2543 24,

202 2549 251 2588 ab
279 2549 391 2587 annis
417 2548 525 2587 XXV
552 2550 673 2588 Merr.
702 2550 822 2588 Class.
850 2550 943 2588 Rev.
972 2549 1107 2587 XVII
1130 2550 1192 2595 54,
1217 2548 1267 2594 cf.
1294 2548 1389 2597 Diq.
1416 2550 1477 2595 50,
1504 2550 1542 2594 4,
1568 2550 1629 2585 11.

1653 891 1690 918 10

1655 1205 1690 1233 15

1654 1595 1692 1624 20

1656 1934 1692 1963 25
