1630 2678
217 107 276 150 94
810 100 848 137 C.
875 99 990 136 PLIN
991 99 1009 135 1

215 216 260 260 in
293 215 441 259 eadem
480 214 704 271 provincia
746 214 962 269 quaestor.
1025 210 1146 254 Haec
1178 212 1454 255 accusatores
1485 210 1604 256 furta

215 292 265 320 ac
295 277 484 332 rapinas,
517 275 609 331 ipse
641 289 821 317 munera
852 272 1055 328 vocabat3
1086 270 1162 316 sed
1186 271 1259 315 lex
1289 285 1472 316 munera
1497 287 1603 330 quo-

168 349 187 381 7
215 352 300 393 que
344 337 480 392 accipi
524 338 652 379 vetat.
715 333 800 378 Hic
844 348 925 391 ego
971 332 1076 390 quid
1121 346 1316 391 agerem,
1361 332 1480 390 quod
1518 334 1603 378 iter

215 397 475 441 defensionis
513 394 792 454 ingrederer?
852 393 1102 452 Negarem?
1143 393 1346 451 verebar,
1381 409 1439 438 ne
1469 395 1601 452 plane

214 459 375 501 furtum
418 457 650 512 videretur,
693 456 810 512 quod
853 455 1053 499 confiteri
1090 454 1303 499 timerem.
1370 453 1601 500 Praeterea

212 534 301 562 rem
333 518 606 562 manifestam
631 517 810 560 infitiari
843 517 1042 574 augentis
1076 518 1169 559 erat
1200 516 1384 573 crimen,
1413 531 1508 562 non
1538 517 1600 561 di-

210 579 386 634 luentis,
418 579 671 634 praesertim
704 593 803 621 cum
835 592 934 621 reus
966 578 1060 635 ipse
1084 576 1198 620 m'hil
1222 577 1444 636 integrum
1469 577 1599 623 advo·

210 641 315 683 catis
366 639 622 696 reliquisset.
695 639 846 682 Multis
895 639 1010 682 enim
1054 640 1186 695 atque
1230 638 1363 683 etiam
1405 639 1599 697 principi

210 700 374 743 dixerat
416 701 510 743 sola.
549 715 595 744 se
643 700 901 744 munuscula
942 699 1170 743 dumtaxat
1211 700 1350 744 natali
1393 714 1474 744 suo
1518 704 1596 745 aut

161 771 182 804 8
209 760 509 804 Saturnalibus
555 762 773 817 accepisse
814 764 856 804 et
898 761 1117 817 plerisque
1162 760 1344 805 misisse.
1408 760 1596 806 Veniam

208 837 310 880 ergo
352 822 574 879 peterem?
615 823 858 880 iugularem
900 837 1042 878 reum,
1084 837 1214 878 quem
1258 822 1322 866 ita
1360 822 1597 880 deliquisse

208 884 503 939 concederem,
545 886 594 926 ut
637 884 798 927 servari
839 883 924 926 nisi
965 883 1092 926 venia
1122 898 1213 927 non
1244 885 1405 940 posset.
1468 882 1596 928 Tam·

207 959 336 1000 quam
367 947 483 988 recte
509 944 673 987 factum
699 944 871 988 tuerer?
901 959 992 987 non
1011 945 1076 987 illi
1096 943 1375 1002 profuissem,
1406 945 1482 989 sed
1501 945 1596 1003 ipse

159 1015 179 1046 9
206 1004 434 1061 impudens
454 1005 706 1048 extitissem.
745 1004 797 1048 In
821 1005 904 1049 hac
929 1005 1190 1050 difficultate
1214 1005 1383 1063 placuit
1401 1006 1595 1050 medium

205 1065 410 1121 quiddam
442 1069 604 1109 tenere:
641 1066 792 1109 videor
821 1066 1022 1110 tenuisse.
1086 1066 1319 1111 Actionem
1352 1082 1512 1125 meam,
1544 1070 1596 1111 ut

204 1126 370 1182 proelia
411 1127 540 1183 solet,
580 1142 671 1170 nox
711 1127 894 1171 diremit.
964 1127 1153 1185 Egeram
1197 1128 1320 1172 horis
1364 1129 1505 1173 tribus
1551 1131 1596 1173 et

203 1186 400 1243 dimidia,
442 1190 666 1244 supererat
697 1189 961 1244 sesquihora.
1024 1188 1159 1246 Nam,
1200 1204 1301 1234 cum
1339 1204 1364 1233 e
1395 1189 1494 1248 lege
1526 1205 1594 1234 ac-

202 1251 375 1291 cusator
407 1264 482 1291 sex
507 1248 654 1305 horas,
687 1264 845 1293 novem
876 1265 975 1293 reus
1008 1251 1267 1307 accepisset,
1297 1251 1361 1294 ita
1385 1250 1595 1295 diviserat

202 1311 397 1365 tempora
427 1325 525 1353 reus
558 1310 672 1353 inter
702 1325 771 1354 me
804 1314 846 1353 et
879 1326 997 1367 eum,
1029 1311 1104 1368 qui
1132 1312 1328 1357 dicturus
1359 1314 1463 1369 post
1488 1314 1593 1369 erat,

132 1379 176 1411 10
203 1371 250 1411 ut
282 1384 361 1427 ego
395 1371 587 1426 quinque
618 1370 757 1427 horis,
790 1372 865 1415 ille
883 1372 1063 1428 reliquis
1089 1375 1296 1418 uteretur.
1354 1372 1466 1417 Mihi
1498 1387 1591 1417 suc-

202 1444 345 1472 cessus
378 1432 560 1474 actionis
593 1432 816 1475 silentium
856 1433 1075 1489 finemque
1108 1433 1328 1479 suadebat.
1392 1433 1593 1478 Temera-

200 1490 313 1532 rium
346 1494 410 1533 est
441 1493 556 1535 enim
589 1493 788 1536 secundis
820 1509 910 1537 non
949 1509 1042 1538 esse
1074 1498 1341 1539 contentum.
1404 1493 1476 1539 Ad
1506 1495 1592 1540 hoc

201 1551 398 1606 verebar,
428 1567 481 1595 ne
515 1567 581 1596 me
608 1555 802 1610 corporis
829 1555 941 1598 vires
967 1556 1123 1599 iterato
1155 1557 1305 1600 labore
1331 1555 1591 1613 desererent,

131 1621 171 1654 11
201 1625 330 1666 quem
362 1612 583 1656 difficilius
616 1617 680 1657 est
705 1618 899 1671 repetere
926 1631 1055 1672 quam
1090 1618 1283 1676 iungere.
1314 1616 1426 1661 Erat
1457 1617 1591 1661 etiam

199 1672 458 1728 periculum,
490 1689 543 1716 ne
575 1675 742 1731 reliqua
774 1677 887 1720 actio
925 1693 1022 1721 mea.
1061 1681 1105 1720 et
1135 1679 1277 1737 frigus
1308 1681 1359 1722 ut
1391 1678 1591 1736 deposita

198 1734 242 1774 et
272 1733 462 1776 taedium
482 1737 530 1776 ut
555 1739 777 1792 resumpta
801 1740 1031 1793 pateretur.
1071 1739 1136 1783 Ut
1162 1740 1278 1783 enim
1304 1739 1421 1785 faces
1441 1740 1590 1798 ignem

197 1791 377 1836 adsidua
426 1796 707 1839 concussione
756 1799 1024 1856 custodiunt,
1074 1801 1304 1845 dimissum
1349 1801 1589 1859 aegerrime

195 1857 418 1910 reparant,
452 1856 514 1898 sic
546 1858 589 1898 et
621 1857 802 1901 dicentis
823 1860 942 1903 calor
967 1863 1010 1903 et
1036 1861 1252 1906 audientis
1277 1862 1466 1906 intentio
1486 1876 1588 1906 con-

196 1914 440 1958 tinuatione
479 1920 691 1973 servatur,
731 1919 1051 1976 intercapedine
1090 1925 1134 1965 et
1171 1923 1298 1979 quasi
1329 1923 1588 1967 remissione

124 1985 168 2015 12
194 1974 446 2032 languescit.
513 1975 597 2019 Sed
636 1978 796 2022 Bassus
834 1981 983 2025 multis
1022 1983 1242 2040 precibus,
1280 1999 1421 2041 paene
1452 1983 1585 2028 etiam

193 2035 383 2079 lacrimis
426 2036 695 2094 obsecrabat,
742 2040 967 2096 implerem
1010 2058 1154 2087 meum
1195 2047 1381 2102 tempus.
1452 2043 1587 2088 Parui

193 2095 514 2153 utilitatemque
552 2098 644 2141 eius
683 2101 869 2155 praetuli
910 2118 1040 2146 meae.
1103 2105 1223 2148 Bene
1255 2107 1404 2151 cessit:
1436 2106 1586 2150 inveni

192 2155 254 2198 ita.
310 2160 475 2200 erectos
526 2159 694 2202 animos
746 2164 937 2218 senatus,
987 2164 1049 2207 ita
1091 2169 1303 2223 recentes,
1346 2169 1397 2211 ut
1437 2167 1585 2224 priore

272 2268 308 2318 '1
337 2275 442 2310 prov.
469 2265 554 2302 ead.
581 2267 776 2313 RFpra.
887 2274 908 2304 2
935 2281 980 2305 ac
1006 2272 1147 2317 RDa,
1175 2274 1214 2309 et
1240 2274 1412 2320 MVpr,
1439 2275 1510 2311 aut
1533 2274 1582 2311 F.

190 2314 235 2346 11
269 2312 484 2359 lugularem
511 2315 713 2360 RFpra,
748 2317 848 2361 Otto,
880 2318 1113 2364 iugulassem
1149 2322 1199 2357 M
1211 2322 1292 2367 Vs,
1325 2323 1439 2370 vulg„
1470 2323 1583 2370 iugu-

188 2358 307 2396 lasset
334 2361 385 2397 D.
506 2366 552 2398 23
580 2363 787 2401 deficerent
813 2366 853 2402 D
862 2378 928 2412 pr.
1047 2372 1092 2404 25
1119 2371 1163 2405 ut
1186 2369 1310 2417 frigus
1336 2371 1378 2407 ui
1403 2371 1583 2418 deposita

187 2409 228 2444 et
253 2410 306 2455 (et
332 2421 399 2446 om.
422 2411 477 2456 F)
504 2412 675 2448 taedium
704 2415 772 2449 aut
798 2413 915 2450 risum
942 2418 1138 2462 pateretur
1164 2419 1261 2455 RF.
1513 2449 1519 2454 .
