<?xml version="1.0" encoding="UTF-8"?>
<!DOCTYPE html PUBLIC "-//W3C//DTD XHTML 1.0 Transitional//EN"
    "http://www.w3.org/TR/xhtml1/DTD/xhtml1-transitional.dtd">
<html xmlns="http://www.w3.org/1999/xhtml" xml:lang="en" lang="en">
 <head>
  <title>
</title>
<meta http-equiv="Content-Type" content="text/html;charset=utf-8" />
  <meta name='ocr-system' content='tesseract 3.04.00' />
  <meta name='ocr-capabilities' content='ocr_page ocr_carea ocr_par ocr_line ocrx_word'/>
</head>
<body>
  <div class='ocr_page' id='page_1' title='image "./epistularumlibr00plin_0354.png"; bbox 0 0 1716 2742; ppageno 0'>
   <div class='ocr_carea' id='block_1_1' title="bbox 226 114 1045 165">
    <p class='ocr_par' dir='ltr' id='par_1_1' title="bbox 226 114 1045 165">
     <span class='ocr_line' id='line_1_1' title="bbox 226 114 1045 165; baseline -0.018 1"><span class='ocrx_word' id='word_1_1' title='bbox 226 120 316 165; x_wconf 83' lang='lat'>338</span> <span class='ocrx_word' id='word_1_2' title='bbox 837 114 877 154; x_wconf 84' lang='lat' dir='ltr'>C.</span> <span class='ocrx_word' id='word_1_3' title='bbox 905 114 1045 152; x_wconf 89' lang='lat' dir='ltr'>PLINI</span> 
     </span>
    </p>
   </div>
   <div class='ocr_carea' id='block_1_2' title="bbox 161 229 1716 2309">
    <p class='ocr_par' dir='ltr' id='par_1_2' title="bbox 227 229 1658 478">
     <span class='ocr_line' id='line_1_2' title="bbox 228 229 1658 287; baseline -0.004 -8"><span class='ocrx_word' id='word_1_4' title='bbox 228 234 411 279; x_wconf 87' lang='lat' dir='ltr'>ceritate</span> <span class='ocrx_word' id='word_1_5' title='bbox 440 231 599 276; x_wconf 88' lang='lat' dir='ltr'>elatior</span> <span class='ocrx_word' id='word_1_6' title='bbox 625 230 724 275; x_wconf 89' lang='lat' dir='ltr'>aliis</span> <span class='ocrx_word' id='word_1_7' title='bbox 752 232 797 274; x_wconf 91' lang='lat' dir='ltr'>et</span> <span class='ocrx_word' id='word_1_8' title='bbox 823 229 1042 274; x_wconf 78' lang='lat' dir='ltr'>excelsior</span> <span class='ocrx_word' id='word_1_9' title='bbox 1059 244 1152 275; x_wconf 93' lang='lat' dir='ltr'>non</span> <span class='ocrx_word' id='word_1_10' title='bbox 1179 229 1233 275; x_wconf 88' lang='lat' dir='ltr'>de</span> <span class='ocrx_word' id='word_1_11' title='bbox 1259 229 1478 287; x_wconf 86' lang='lat' dir='ltr'>patientia</span> <span class='ocrx_word' id='word_1_12' title='bbox 1502 231 1658 274; x_wconf 87' lang='lat' dir='ltr'>nostra</span> 
     </span>
     <span class='ocr_line' id='line_1_3' title="bbox 228 291 1656 355; baseline -0.003 -15"><span class='ocrx_word' id='word_1_13' title='bbox 228 296 450 355; x_wconf 85' lang='lat' dir='ltr'>quendam</span> <span class='ocrx_word' id='word_1_14' title='bbox 476 293 777 352; x_wconf 82' lang='lat' dir='ltr'>triumphum,</span> <span class='ocrx_word' id='word_1_15' title='bbox 810 292 887 337; x_wconf 88' lang='lat' dir='ltr'>sed</span> <span class='ocrx_word' id='word_1_16' title='bbox 915 292 967 337; x_wconf 91' lang='lat' dir='ltr'>de</span> <span class='ocrx_word' id='word_1_17' title='bbox 995 292 1203 350; x_wconf 88' lang='lat' dir='ltr'>superbia</span> <span class='ocrx_word' id='word_1_18' title='bbox 1228 293 1486 351; x_wconf 89' lang='lat' dir='ltr'>principum</span> <span class='ocrx_word' id='word_1_19' title='bbox 1513 291 1656 351; x_wconf 88' lang='lat' dir='ltr'>egisti.</span> 
     </span>
     <span class='ocr_line' id='line_1_4' title="bbox 227 355 1657 418; baseline -0.003 -14"><span class='ocrx_word' id='word_1_20' title='bbox 227 360 350 418; x_wconf 85' lang='lat' dir='ltr'>Ergo</span> <span class='ocrx_word' id='word_1_21' title='bbox 384 373 477 402; x_wconf 91' lang='lat' dir='ltr'>non</span> <span class='ocrx_word' id='word_1_22' title='bbox 515 359 635 402; x_wconf 89' lang='lat' dir='ltr'>aetas</span> <span class='ocrx_word' id='word_1_23' title='bbox 671 371 962 414; x_wconf 83' lang='lat' dir='ltr'>quemquam,</span> <span class='ocrx_word' id='word_1_24' title='bbox 999 371 1094 400; x_wconf 91' lang='lat' dir='ltr'>non</span> <span class='ocrx_word' id='word_1_25' title='bbox 1131 355 1363 414; x_wconf 81' lang='lat' dir='ltr'>valetudo,</span> <span class='ocrx_word' id='word_1_26' title='bbox 1400 370 1494 399; x_wconf 91' lang='lat' dir='ltr'>non</span> <span class='ocrx_word' id='word_1_27' title='bbox 1526 369 1657 400; x_wconf 86' lang='lat' dir='ltr'>sexus</span> 
     </span>
     <span class='ocr_line' id='line_1_5' title="bbox 227 417 1657 478; baseline -0.003 -12"><span class='ocrx_word' id='word_1_28' title='bbox 227 420 484 478; x_wconf 86' lang='lat' dir='ltr'>retardavit,</span> <span class='ocrx_word' id='word_1_29' title='bbox 505 435 594 478; x_wconf 89' lang='lat' dir='ltr'>quo</span> <span class='ocrx_word' id='word_1_30' title='bbox 615 419 764 463; x_wconf 88' lang='lat' dir='ltr'>minus</span> <span class='ocrx_word' id='word_1_31' title='bbox 787 419 941 463; x_wconf 88' lang='lat' dir='ltr'>oculos</span> <span class='ocrx_word' id='word_1_32' title='bbox 962 418 1147 472; x_wconf 89' lang='lat' dir='ltr'>insolito</span> <span class='ocrx_word' id='word_1_33' title='bbox 1164 419 1419 476; x_wconf 88' lang='lat' dir='ltr'>spectaculo</span> <span class='ocrx_word' id='word_1_34' title='bbox 1440 417 1657 476; x_wconf 88' lang='lat' dir='ltr'>impleret.</span> 
     </span>
    </p>

    <p class='ocr_par' dir='ltr' id='par_1_3' title="bbox 179 481 1716 854">
     <span class='ocr_line' id='line_1_6' title="bbox 179 481 1704 542; baseline -0.003 -13"><span class='ocrx_word' id='word_1_35' title='bbox 179 497 200 530; x_wconf 86' lang='lat'><strong>3</strong></span> <span class='ocrx_word' id='word_1_36' title='bbox 229 484 291 530; x_wconf 88' lang='lat' dir='ltr'>Te</span> <span class='ocrx_word' id='word_1_37' title='bbox 335 484 514 542; x_wconf 84' lang='lat' dir='ltr'>parvuli</span> <span class='ocrx_word' id='word_1_38' title='bbox 554 497 758 540; x_wconf 90' lang='lat' dir='ltr'>noscere,</span> <span class='ocrx_word' id='word_1_39' title='bbox 805 483 1031 526; x_wconf 88' lang='lat' dir='ltr'>ostentare</span> <span class='ocrx_word' id='word_1_40' title='bbox 1076 482 1276 539; x_wconf 86' lang='lat' dir='ltr'>iuvenes,</span> <span class='ocrx_word' id='word_1_41' title='bbox 1323 481 1478 525; x_wconf 87' lang='lat' dir='ltr'>mirari</span> <span class='ocrx_word' id='word_1_42' title='bbox 1521 494 1660 538; x_wconf 89' lang='lat' dir='ltr'>senes,</span> <span class='ocrx_word' id='word_1_43' title='bbox 1687 494 1704 523; x_wconf 79' lang='lat'><strong>5</strong></span> 
     </span>
     <span class='ocr_line' id='line_1_7' title="bbox 229 543 1661 607; baseline -0.003 -15"><span class='ocrx_word' id='word_1_44' title='bbox 229 548 352 607; x_wconf 85' lang='lat' dir='ltr'>aegri</span> <span class='ocrx_word' id='word_1_45' title='bbox 385 562 564 605; x_wconf 90' lang='lat' dir='ltr'>quoque</span> <span class='ocrx_word' id='word_1_46' title='bbox 596 546 802 604; x_wconf 87' lang='lat' dir='ltr'>neglecto</span> <span class='ocrx_word' id='word_1_47' title='bbox 836 544 1112 589; x_wconf 89' lang='lat' dir='ltr'>medentium</span> <span class='ocrx_word' id='word_1_48' title='bbox 1151 543 1342 602; x_wconf 88' lang='lat' dir='ltr'>imperio</span> <span class='ocrx_word' id='word_1_49' title='bbox 1382 543 1439 588; x_wconf 89' lang='lat' dir='ltr'>ad</span> <span class='ocrx_word' id='word_1_50' title='bbox 1478 558 1661 601; x_wconf 88' lang='lat' dir='ltr'>conspe-</span> 
     </span>
     <span class='ocr_line' id='line_1_8' title="bbox 229 604 1662 667; baseline -0.003 -12"><span class='ocrx_word' id='word_1_51' title='bbox 229 613 352 656; x_wconf 89' lang='lat' dir='ltr'>ctum</span> <span class='ocrx_word' id='word_1_52' title='bbox 372 609 441 654; x_wconf 85' lang='lat' dir='ltr'>tui</span> <span class='ocrx_word' id='word_1_53' title='bbox 462 609 591 667; x_wconf 81' lang='lat' dir='ltr'>quasi</span> <span class='ocrx_word' id='word_1_54' title='bbox 612 608 667 652; x_wconf 92' lang='lat' dir='ltr'>ad</span> <span class='ocrx_word' id='word_1_55' title='bbox 688 608 879 653; x_wconf 90' lang='lat' dir='ltr'>salutem</span> <span class='ocrx_word' id='word_1_56' title='bbox 900 607 1226 665; x_wconf 73' lang='lat' dir='ltr'>sanitatemque</span> <span class='ocrx_word' id='word_1_57' title='bbox 1245 622 1494 665; x_wconf 86' lang='lat' dir='ltr'>prorepere.</span> <span class='ocrx_word' id='word_1_58' title='bbox 1552 604 1662 650; x_wconf 89' lang='lat' dir='ltr'>Inde</span> 
     </span>
     <span class='ocr_line' id='line_1_9' title="bbox 229 668 1662 728; baseline -0.004 -9"><span class='ocrx_word' id='word_1_59' title='bbox 229 675 307 720; x_wconf 90' lang='lat' dir='ltr'>alii</span> <span class='ocrx_word' id='word_1_60' title='bbox 340 688 387 718; x_wconf 89' lang='lat' dir='ltr'>se</span> <span class='ocrx_word' id='word_1_61' title='bbox 421 673 529 718; x_wconf 89' lang='lat' dir='ltr'>satis</span> <span class='ocrx_word' id='word_1_62' title='bbox 557 671 721 716; x_wconf 83' lang='lat' dir='ltr'>vixisse</span> <span class='ocrx_word' id='word_1_63' title='bbox 747 673 793 715; x_wconf 88' lang='lat' dir='ltr'>te</span> <span class='ocrx_word' id='word_1_64' title='bbox 819 671 936 726; x_wconf 84' lang='lat' dir='ltr'>viso,</span> <span class='ocrx_word' id='word_1_65' title='bbox 963 673 1008 715; x_wconf 92' lang='lat' dir='ltr'>te</span> <span class='ocrx_word' id='word_1_66' title='bbox 1035 673 1234 728; x_wconf 89' lang='lat' dir='ltr'>recepto,</span> <span class='ocrx_word' id='word_1_67' title='bbox 1269 669 1344 714; x_wconf 90' lang='lat' dir='ltr'>alii</span> <span class='ocrx_word' id='word_1_68' title='bbox 1370 684 1492 714; x_wconf 91' lang='lat' dir='ltr'>nunc</span> <span class='ocrx_word' id='word_1_69' title='bbox 1518 668 1662 728; x_wconf 87' lang='lat' dir='ltr'>magis</span> 
     </span>
     <span class='ocr_line' id='line_1_10' title="bbox 231 732 1664 793; baseline -0.005 -10"><span class='ocrx_word' id='word_1_70' title='bbox 231 752 327 783; x_wconf 87' lang='lat' dir='ltr'>esse</span> <span class='ocrx_word' id='word_1_71' title='bbox 347 736 590 782; x_wconf 85' lang='lat' dir='ltr'>vivendum</span> <span class='ocrx_word' id='word_1_72' title='bbox 611 733 942 793; x_wconf 75' lang='lat' dir='ltr'>praedicabant.</span> <span class='ocrx_word' id='word_1_73' title='bbox 1001 732 1208 778; x_wconf 88' lang='lat' dir='ltr'>Feminas</span> <span class='ocrx_word' id='word_1_74' title='bbox 1229 733 1364 777; x_wconf 93' lang='lat' dir='ltr'>etiam</span> <span class='ocrx_word' id='word_1_75' title='bbox 1384 735 1494 777; x_wconf 84' lang='lat' dir='ltr'>tunc</span> <span class='ocrx_word' id='word_1_76' title='bbox 1512 732 1664 777; x_wconf 89' lang='lat' dir='ltr'>fecun-</span> 
     </span>
     <span class='ocr_line' id='line_1_11' title="bbox 230 794 1716 854; baseline -0.005 -8"><span class='ocrx_word' id='word_1_77' title='bbox 230 801 383 846; x_wconf 82' lang='lat' dir='ltr'>ditatis</span> <span class='ocrx_word' id='word_1_78' title='bbox 411 815 515 846; x_wconf 88' lang='lat' dir='ltr'>suae</span> <span class='ocrx_word' id='word_1_79' title='bbox 542 798 740 842; x_wconf 85' lang='lat' dir='ltr'>maxima</span> <span class='ocrx_word' id='word_1_80' title='bbox 758 797 968 854; x_wconf 83' lang='lat' dir='ltr'>voluptas</span> <span class='ocrx_word' id='word_1_81' title='bbox 997 796 1154 854; x_wconf 88' lang='lat' dir='ltr'>subiit,</span> <span class='ocrx_word' id='word_1_82' title='bbox 1188 811 1290 841; x_wconf 90' lang='lat' dir='ltr'>cum</span> <span class='ocrx_word' id='word_1_83' title='bbox 1311 797 1559 853; x_wconf 88' lang='lat' dir='ltr'>cernerent,</span> <span class='ocrx_word' id='word_1_84' title='bbox 1592 794 1664 839; x_wconf 89' lang='lat' dir='ltr'>cui</span> <span class='ocrx_word' id='word_1_85' title='bbox 1692 809 1716 837; x_wconf 78' lang='grc'>11</span> 
     </span>
    </p>

    <p class='ocr_par' dir='ltr' id='par_1_4' title="bbox 181 857 1716 1169">
     <span class='ocr_line' id='line_1_12' title="bbox 181 857 1666 924; baseline -0.005 -15"><span class='ocrx_word' id='word_1_86' title='bbox 181 876 204 909; x_wconf 82' lang='grc'><strong><em>4</em></strong></span> <span class='ocrx_word' id='word_1_87' title='bbox 230 862 426 924; x_wconf 88' lang='lat' dir='ltr'>principi</span> <span class='ocrx_word' id='word_1_88' title='bbox 459 862 599 919; x_wconf 84' lang='lat' dir='ltr'>cives,</span> <span class='ocrx_word' id='word_1_89' title='bbox 633 860 705 906; x_wconf 89' lang='lat' dir='ltr'>cui</span> <span class='ocrx_word' id='word_1_90' title='bbox 737 859 1000 917; x_wconf 86' lang='lat' dir='ltr'>imperatori</span> <span class='ocrx_word' id='word_1_91' title='bbox 1031 859 1199 904; x_wconf 81' lang='lat' dir='ltr'>milites</span> <span class='ocrx_word' id='word_1_92' title='bbox 1232 858 1522 917; x_wconf 86' lang='lat' dir='ltr'>peperissent.</span> <span class='ocrx_word' id='word_1_93' title='bbox 1588 857 1666 902; x_wconf 94' lang='lat' dir='ltr'>Vi-</span> 
     </span>
     <span class='ocr_line' id='line_1_13' title="bbox 232 920 1667 979; baseline -0.005 -7"><span class='ocrx_word' id='word_1_94' title='bbox 232 928 357 973; x_wconf 89' lang='lat' dir='ltr'>deres</span> <span class='ocrx_word' id='word_1_95' title='bbox 397 925 561 970; x_wconf 86' lang='lat' dir='ltr'>referta</span> <span class='ocrx_word' id='word_1_96' title='bbox 602 926 721 968; x_wconf 86' lang='lat' dir='ltr'>tecta</span> <span class='ocrx_word' id='word_1_97' title='bbox 763 938 815 968; x_wconf 91' lang='lat' dir='ltr'>ac</span> <span class='ocrx_word' id='word_1_98' title='bbox 852 922 1107 967; x_wconf 86' lang='lat' dir='ltr'>laborantia</span> <span class='ocrx_word' id='word_1_99' title='bbox 1149 936 1201 966; x_wconf 91' lang='grc'>00</span> <span class='ocrx_word' id='word_1_100' title='bbox 1240 937 1297 966; x_wconf 90' lang='grc'>110</span> <span class='ocrx_word' id='word_1_101' title='bbox 1340 937 1443 966; x_wconf 84' lang='grc'>011111</span> <span class='ocrx_word' id='word_1_102' title='bbox 1486 920 1667 979; x_wconf 83' lang='lat' dir='ltr'>quidem</span> 
     </span>
     <span class='ocr_line' id='line_1_14' title="bbox 233 983 1667 1044; baseline -0.005 -9"><span class='ocrx_word' id='word_1_103' title='bbox 233 991 466 1036; x_wconf 84' lang='lat' dir='ltr'>vacantem</span> <span class='ocrx_word' id='word_1_104' title='bbox 498 989 669 1044; x_wconf 89' lang='grc'>10011111,</span> <span class='ocrx_word' id='word_1_105' title='bbox 711 986 789 1044; x_wconf 91' lang='lat' dir='ltr'>qui</span> <span class='ocrx_word' id='word_1_106' title='bbox 828 1001 919 1030; x_wconf 91' lang='lat' dir='ltr'>non</span> <span class='ocrx_word' id='word_1_107' title='bbox 959 985 1048 1030; x_wconf 88' lang='lat' dir='ltr'>nisi</span> <span class='ocrx_word' id='word_1_108' title='bbox 1082 1000 1349 1043; x_wconf 90' lang='lat' dir='ltr'>suspensum</span> <span class='ocrx_word' id='word_1_109' title='bbox 1382 986 1427 1029; x_wconf 88' lang='lat' dir='ltr'>et</span> <span class='ocrx_word' id='word_1_110' title='bbox 1458 983 1667 1028; x_wconf 88' lang='lat' dir='ltr'>instabile</span> 
     </span>
     <span class='ocr_line' id='line_1_15' title="bbox 233 1048 1668 1113; baseline -0.006 -15"><span class='ocrx_word' id='word_1_111' title='bbox 233 1052 477 1113; x_wconf 85' lang='lat' dir='ltr'>vestigium</span> <span class='ocrx_word' id='word_1_112' title='bbox 511 1052 708 1109; x_wconf 86' lang='lat' dir='ltr'>caperet,</span> <span class='ocrx_word' id='word_1_113' title='bbox 741 1050 946 1108; x_wconf 88' lang='lat' dir='ltr'>oppletas</span> <span class='ocrx_word' id='word_1_114' title='bbox 979 1048 1180 1106; x_wconf 88' lang='lat' dir='ltr'>undique</span> <span class='ocrx_word' id='word_1_115' title='bbox 1205 1049 1302 1093; x_wconf 84' lang='lat' dir='ltr'>vias</span> <span class='ocrx_word' id='word_1_116' title='bbox 1336 1049 1668 1106; x_wconf 87' lang='lat' dir='ltr'>angustumque</span> 
     </span>
     <span class='ocr_line' id='line_1_16' title="bbox 233 1109 1716 1169; baseline -0.006 -8"><span class='ocrx_word' id='word_1_117' title='bbox 233 1117 460 1161; x_wconf 89' lang='lat' dir='ltr'>tramitem</span> <span class='ocrx_word' id='word_1_118' title='bbox 491 1115 701 1159; x_wconf 90' lang='lat' dir='ltr'>relictum</span> <span class='ocrx_word' id='word_1_119' title='bbox 733 1112 836 1166; x_wconf 86' lang='lat' dir='ltr'>tibi,</span> <span class='ocrx_word' id='word_1_120' title='bbox 870 1113 1062 1157; x_wconf 90' lang='lat' dir='ltr'>alacrem</span> <span class='ocrx_word' id='word_1_121' title='bbox 1094 1111 1202 1156; x_wconf 91' lang='lat' dir='ltr'>hinc</span> <span class='ocrx_word' id='word_1_122' title='bbox 1228 1113 1363 1169; x_wconf 88' lang='lat' dir='ltr'>atque</span> <span class='ocrx_word' id='word_1_123' title='bbox 1396 1109 1500 1154; x_wconf 88' lang='lat' dir='ltr'>inde</span> <span class='ocrx_word' id='word_1_124' title='bbox 1526 1125 1667 1168; x_wconf 91' lang='lat' dir='ltr'>popu·</span> <span class='ocrx_word' id='word_1_125' title='bbox 1695 1123 1716 1151; x_wconf 81' lang='grc'>11</span> 
     </span>
    </p>

    <p class='ocr_par' dir='ltr' id='par_1_5' title="bbox 185 1174 1673 1429">
     <span class='ocr_line' id='line_1_17' title="bbox 185 1174 1670 1237; baseline -0.006 -12"><span class='ocrx_word' id='word_1_126' title='bbox 185 1192 207 1226; x_wconf 88' lang='grc'>5</span> <span class='ocrx_word' id='word_1_127' title='bbox 233 1181 349 1237; x_wconf 90' lang='lat' dir='ltr'>lum,</span> <span class='ocrx_word' id='word_1_128' title='bbox 389 1178 556 1236; x_wconf 90' lang='lat' dir='ltr'>ubique</span> <span class='ocrx_word' id='word_1_129' title='bbox 599 1192 680 1234; x_wconf 86' lang='lat' dir='ltr'>par</span> <span class='ocrx_word' id='word_1_130' title='bbox 723 1174 937 1235; x_wconf 85' lang='lat' dir='ltr'>gaudium</span> <span class='ocrx_word' id='word_1_131' title='bbox 980 1189 1224 1233; x_wconf 89' lang='lat' dir='ltr'>paremque</span> <span class='ocrx_word' id='word_1_132' title='bbox 1267 1174 1528 1219; x_wconf 83' lang='lat' dir='ltr'>clamorem:</span> <span class='ocrx_word' id='word_1_133' title='bbox 1574 1175 1670 1216; x_wconf 89' lang='lat' dir='ltr'>tam</span> 
     </span>
     <span class='ocr_line' id='line_1_18' title="bbox 235 1236 1671 1300; baseline -0.006 -13"><span class='ocrx_word' id='word_1_134' title='bbox 235 1242 434 1300; x_wconf 86' lang='lat' dir='ltr'>aequalis</span> <span class='ocrx_word' id='word_1_135' title='bbox 468 1241 524 1285; x_wconf 90' lang='lat' dir='ltr'>ab</span> <span class='ocrx_word' id='word_1_136' title='bbox 559 1239 767 1285; x_wconf 84' lang='lat' dir='ltr'>omnibus</span> <span class='ocrx_word' id='word_1_137' title='bbox 807 1254 863 1283; x_wconf 83' lang='lat' dir='ltr'>ex</span> <span class='ocrx_word' id='word_1_138' title='bbox 901 1238 1098 1283; x_wconf 85' lang='lat' dir='ltr'>adventu</span> <span class='ocrx_word' id='word_1_139' title='bbox 1135 1240 1215 1282; x_wconf 94' lang='lat' dir='ltr'>tuo</span> <span class='ocrx_word' id='word_1_140' title='bbox 1254 1236 1429 1282; x_wconf 84' lang='lat' dir='ltr'>laetitia</span> <span class='ocrx_word' id='word_1_141' title='bbox 1460 1237 1671 1294; x_wconf 88' lang='lat' dir='ltr'>percepta</span> 
     </span>
     <span class='ocr_line' id='line_1_19' title="bbox 235 1298 1671 1364; baseline -0.006 -14"><span class='ocrx_word' id='word_1_142' title='bbox 235 1308 320 1364; x_wconf 91' lang='lat' dir='ltr'>est,</span> <span class='ocrx_word' id='word_1_143' title='bbox 361 1320 496 1363; x_wconf 91' lang='lat' dir='ltr'>quam</span> <span class='ocrx_word' id='word_1_144' title='bbox 537 1302 745 1348; x_wconf 88' lang='lat' dir='ltr'>omnibus</span> <span class='ocrx_word' id='word_1_145' title='bbox 778 1301 963 1360; x_wconf 79' lang='lat' dir='ltr'>venisti3</span> <span class='ocrx_word' id='word_1_146' title='bbox 1002 1316 1116 1359; x_wconf 88' lang='lat' dir='ltr'>quae</span> <span class='ocrx_word' id='word_1_147' title='bbox 1149 1303 1301 1345; x_wconf 91' lang='lat' dir='ltr'>tamen</span> <span class='ocrx_word' id='word_1_148' title='bbox 1339 1300 1438 1358; x_wconf 88' lang='lat' dir='ltr'>ipsa</span> <span class='ocrx_word' id='word_1_149' title='bbox 1470 1314 1574 1344; x_wconf 92' lang='lat' dir='ltr'>cum</span> <span class='ocrx_word' id='word_1_150' title='bbox 1605 1298 1671 1342; x_wconf 93' lang='lat' dir='ltr'>in-</span> 
     </span>
     <span class='ocr_line' id='line_1_20' title="bbox 235 1362 1673 1429; baseline -0.006 -15"><span class='ocrx_word' id='word_1_151' title='bbox 235 1383 393 1429; x_wconf 85' lang='lat' dir='ltr'>gressu</span> <span class='ocrx_word' id='word_1_152' title='bbox 425 1370 504 1412; x_wconf 91' lang='lat' dir='ltr'>tuo</span> <span class='ocrx_word' id='word_1_153' title='bbox 539 1366 679 1411; x_wconf 85' lang='lat' dir='ltr'>crevit</span> <span class='ocrx_word' id='word_1_154' title='bbox 712 1379 763 1409; x_wconf 91' lang='lat' dir='ltr'>ac</span> <span class='ocrx_word' id='word_1_155' title='bbox 795 1380 936 1423; x_wconf 90' lang='lat' dir='ltr'>prope</span> <span class='ocrx_word' id='word_1_156' title='bbox 969 1365 1017 1408; x_wconf 91' lang='lat' dir='ltr'>in</span> <span class='ocrx_word' id='word_1_157' title='bbox 1050 1363 1252 1423; x_wconf 84' lang='lat' dir='ltr'>singulos</span> <span class='ocrx_word' id='word_1_158' title='bbox 1286 1362 1450 1422; x_wconf 84' lang='lat' dir='ltr'>gradus</span> <span class='ocrx_word' id='word_1_159' title='bbox 1484 1362 1673 1406; x_wconf 85' lang='lat' dir='ltr'>adaucta</span> 
     </span>
    </p>

    <p class='ocr_par' dir='ltr' id='par_1_6' title="bbox 161 1424 1714 1681">
     <span class='ocr_line' id='line_1_21' title="bbox 161 1424 1714 1485; baseline -0.006 -7"><span class='ocrx_word' id='word_1_160' title='bbox 161 1430 221 1479; x_wconf 75' lang='grc'>23</span> <span class='ocrx_word' id='word_1_161' title='bbox 237 1435 315 1477; x_wconf 89' lang='lat' dir='ltr'>est.</span> <span class='ocrx_word' id='word_1_162' title='bbox 383 1430 570 1476; x_wconf 84' lang='lat' dir='ltr'>Gratum</span> <span class='ocrx_word' id='word_1_163' title='bbox 604 1431 699 1474; x_wconf 87' lang='lat' dir='ltr'>erat</span> <span class='ocrx_word' id='word_1_164' title='bbox 732 1427 928 1485; x_wconf 89' lang='lat' dir='ltr'>cunctis,</span> <span class='ocrx_word' id='word_1_165' title='bbox 967 1427 1087 1485; x_wconf 91' lang='lat' dir='ltr'>quod</span> <span class='ocrx_word' id='word_1_166' title='bbox 1121 1428 1326 1471; x_wconf 88' lang='lat' dir='ltr'>senatum</span> <span class='ocrx_word' id='word_1_167' title='bbox 1365 1425 1520 1470; x_wconf 82' lang='lat' dir='ltr'>osculo</span> <span class='ocrx_word' id='word_1_168' title='bbox 1555 1424 1671 1469; x_wconf 83' lang='lat' dir='ltr'>exci-</span> <span class='ocrx_word' id='word_1_169' title='bbox 1697 1437 1714 1465; x_wconf 74' lang='lat'>2</span> 
     </span>
     <span class='ocr_line' id='line_1_22' title="bbox 236 1487 1673 1554; baseline -0.006 -14"><span class='ocrx_word' id='word_1_170' title='bbox 236 1510 384 1554; x_wconf 89' lang='lat' dir='ltr'>peres,</span> <span class='ocrx_word' id='word_1_171' title='bbox 416 1497 468 1539; x_wconf 89' lang='lat' dir='ltr'>ut</span> <span class='ocrx_word' id='word_1_172' title='bbox 495 1492 706 1538; x_wconf 87' lang='lat' dir='ltr'>dimissus</span> <span class='ocrx_word' id='word_1_173' title='bbox 728 1492 883 1537; x_wconf 88' lang='lat' dir='ltr'>osculo</span> <span class='ocrx_word' id='word_1_174' title='bbox 905 1491 1066 1548; x_wconf 86' lang='lat' dir='ltr'>fueras,</span> <span class='ocrx_word' id='word_1_175' title='bbox 1086 1492 1284 1549; x_wconf 87' lang='lat' dir='ltr'>gratum,</span> <span class='ocrx_word' id='word_1_176' title='bbox 1313 1487 1434 1546; x_wconf 87' lang='lat' dir='ltr'>quod</span> <span class='ocrx_word' id='word_1_177' title='bbox 1454 1487 1673 1546; x_wconf 87' lang='lat' dir='ltr'>equestris</span> 
     </span>
     <span class='ocr_line' id='line_1_23' title="bbox 238 1551 1675 1610; baseline -0.006 -7"><span class='ocrx_word' id='word_1_178' title='bbox 238 1558 408 1603; x_wconf 88' lang='lat' dir='ltr'>ordinis</span> <span class='ocrx_word' id='word_1_179' title='bbox 437 1557 598 1602; x_wconf 89' lang='lat' dir='ltr'>decora</span> <span class='ocrx_word' id='word_1_180' title='bbox 622 1556 795 1601; x_wconf 87' lang='lat' dir='ltr'>honore</span> <span class='ocrx_word' id='word_1_181' title='bbox 821 1554 1057 1600; x_wconf 88' lang='lat' dir='ltr'>nominum</span> <span class='ocrx_word' id='word_1_182' title='bbox 1088 1554 1182 1597; x_wconf 87' lang='lat' dir='ltr'>sine</span> <span class='ocrx_word' id='word_1_183' title='bbox 1210 1552 1434 1597; x_wconf 89' lang='lat' dir='ltr'>monitore</span> <span class='ocrx_word' id='word_1_184' title='bbox 1461 1551 1675 1610; x_wconf 86' lang='lat' dir='ltr'>signares,</span> 
     </span>
     <span class='ocr_line' id='line_1_24' title="bbox 239 1613 1674 1681; baseline -0.006 -15"><span class='ocrx_word' id='word_1_185' title='bbox 239 1624 437 1681; x_wconf 85' lang='lat' dir='ltr'>gratum,</span> <span class='ocrx_word' id='word_1_186' title='bbox 508 1619 630 1678; x_wconf 88' lang='lat' dir='ltr'>quod</span> <span class='ocrx_word' id='word_1_187' title='bbox 698 1621 825 1663; x_wconf 87' lang='lat' dir='ltr'>tanto</span> <span class='ocrx_word' id='word_1_188' title='bbox 893 1617 1094 1662; x_wconf 88' lang='lat' dir='ltr'>tumultu</span> <span class='ocrx_word' id='word_1_189' title='bbox 1161 1614 1400 1660; x_wconf 87' lang='lat' dir='ltr'>clientibus</span> <span class='ocrx_word' id='word_1_190' title='bbox 1468 1613 1674 1659; x_wconf 86' lang='lat' dir='ltr'>salutatis</span> 
     </span>
    </p>

    <p class='ocr_par' dir='ltr' id='par_1_7' title="bbox 189 1677 1716 1932">
     <span class='ocr_line' id='line_1_25' title="bbox 189 1677 1677 1742; baseline -0.007 -11"><span class='ocrx_word' id='word_1_191' title='bbox 189 1697 210 1731; x_wconf 87' lang='lat'>2</span> <span class='ocrx_word' id='word_1_192' title='bbox 241 1684 458 1742; x_wconf 87' lang='lat' dir='ltr'>quasdam</span> <span class='ocrx_word' id='word_1_193' title='bbox 504 1681 823 1727; x_wconf 84' lang='lat' dir='ltr'>familiaritatis</span> <span class='ocrx_word' id='word_1_194' title='bbox 869 1683 1000 1725; x_wconf 88' lang='lat' dir='ltr'>notas</span> <span class='ocrx_word' id='word_1_195' title='bbox 1048 1679 1250 1736; x_wconf 86' lang='lat' dir='ltr'>adderes,</span> <span class='ocrx_word' id='word_1_196' title='bbox 1302 1677 1473 1737; x_wconf 86' lang='lat' dir='ltr'>gratius</span> <span class='ocrx_word' id='word_1_197' title='bbox 1512 1679 1677 1734; x_wconf 91' lang='lat' dir='ltr'>tamen,</span> 
     </span>
     <span class='ocr_line' id='line_1_26' title="bbox 241 1739 1716 1805; baseline -0.007 -13"><span class='ocrx_word' id='word_1_198' title='bbox 241 1746 362 1805; x_wconf 90' lang='lat' dir='ltr'>quod</span> <span class='ocrx_word' id='word_1_199' title='bbox 393 1746 558 1792; x_wconf 87' lang='lat' dir='ltr'>sensim</span> <span class='ocrx_word' id='word_1_200' title='bbox 590 1748 634 1790; x_wconf 90' lang='lat' dir='ltr'>et</span> <span class='ocrx_word' id='word_1_201' title='bbox 663 1745 858 1804; x_wconf 88' lang='lat' dir='ltr'>placide,</span> <span class='ocrx_word' id='word_1_202' title='bbox 891 1746 935 1788; x_wconf 91' lang='lat' dir='ltr'>et</span> <span class='ocrx_word' id='word_1_203' title='bbox 966 1745 1152 1801; x_wconf 91' lang='lat' dir='ltr'>qantum</span> <span class='ocrx_word' id='word_1_204' title='bbox 1171 1740 1523 1799; x_wconf 85' lang='lat' dir='ltr'>respectantium</span> <span class='ocrx_word' id='word_1_205' title='bbox 1543 1739 1678 1784; x_wconf 84' lang='lat' dir='ltr'>turba</span> <span class='ocrx_word' id='word_1_206' title='bbox 1702 1753 1716 1781; x_wconf 74' lang='lat'>2</span> 
     </span>
     <span class='ocr_line' id='line_1_27' title="bbox 241 1803 1678 1868; baseline -0.006 -13"><span class='ocrx_word' id='word_1_207' title='bbox 241 1812 490 1868; x_wconf 90' lang='lat' dir='ltr'>pateretur,</span> <span class='ocrx_word' id='word_1_208' title='bbox 519 1808 765 1865; x_wconf 88' lang='lat' dir='ltr'>incederes,</span> <span class='ocrx_word' id='word_1_209' title='bbox 792 1807 913 1866; x_wconf 91' lang='lat' dir='ltr'>quod</span> <span class='ocrx_word' id='word_1_210' title='bbox 934 1805 1267 1851; x_wconf 87' lang='lat' dir='ltr'>occursantium</span> <span class='ocrx_word' id='word_1_211' title='bbox 1287 1803 1482 1862; x_wconf 87' lang='lat' dir='ltr'>populus</span> <span class='ocrx_word' id='word_1_212' title='bbox 1503 1805 1548 1847; x_wconf 89' lang='grc'>10</span> <span class='ocrx_word' id='word_1_213' title='bbox 1570 1817 1678 1860; x_wconf 90' lang='lat' dir='ltr'>quo-</span> 
     </span>
     <span class='ocr_line' id='line_1_28' title="bbox 243 1864 1678 1932; baseline -0.006 -14"><span class='ocrx_word' id='word_1_214' title='bbox 243 1889 348 1932; x_wconf 91' lang='lat' dir='ltr'>que,</span> <span class='ocrx_word' id='word_1_215' title='bbox 379 1875 425 1917; x_wconf 92' lang='lat' dir='ltr'>te</span> <span class='ocrx_word' id='word_1_216' title='bbox 457 1872 597 1916; x_wconf 87' lang='lat' dir='ltr'>immo</span> <span class='ocrx_word' id='word_1_217' title='bbox 631 1871 823 1916; x_wconf 88' lang='lat' dir='ltr'>maxime</span> <span class='ocrx_word' id='word_1_218' title='bbox 857 1871 1042 1927; x_wconf 88' lang='lat' dir='ltr'>artaret,</span> <span class='ocrx_word' id='word_1_219' title='bbox 1085 1867 1206 1926; x_wconf 90' lang='lat' dir='ltr'>quod</span> <span class='ocrx_word' id='word_1_220' title='bbox 1239 1867 1387 1925; x_wconf 89' lang='lat' dir='ltr'>primo</span> <span class='ocrx_word' id='word_1_221' title='bbox 1422 1866 1573 1911; x_wconf 86' lang='lat' dir='ltr'>statim</span> <span class='ocrx_word' id='word_1_222' title='bbox 1607 1864 1678 1909; x_wconf 90' lang='lat' dir='ltr'>die</span> 
     </span>
    </p>

    <p class='ocr_par' dir='ltr' id='par_1_8' title="bbox 193 1929 1716 2246">
     <span class='ocr_line' id='line_1_29' title="bbox 193 1929 1679 1989; baseline -0.006 -8"><span class='ocrx_word' id='word_1_223' title='bbox 193 1949 214 1982; x_wconf 85' lang='lat'><strong>3</strong></span> <span class='ocrx_word' id='word_1_224' title='bbox 241 1937 360 1982; x_wconf 88' lang='lat' dir='ltr'>latus</span> <span class='ocrx_word' id='word_1_225' title='bbox 387 1938 517 1980; x_wconf 91' lang='lat' dir='ltr'>tuum</span> <span class='ocrx_word' id='word_1_226' title='bbox 545 1935 744 1980; x_wconf 89' lang='lat' dir='ltr'>crederes</span> <span class='ocrx_word' id='word_1_227' title='bbox 772 1933 995 1979; x_wconf 89' lang='lat' dir='ltr'>omnibus.</span> <span class='ocrx_word' id='word_1_228' title='bbox 1059 1931 1219 1989; x_wconf 90' lang='lat' dir='ltr'>Neque</span> <span class='ocrx_word' id='word_1_229' title='bbox 1246 1930 1366 1974; x_wconf 89' lang='lat' dir='ltr'>enim</span> <span class='ocrx_word' id='word_1_230' title='bbox 1393 1929 1585 1988; x_wconf 85' lang='lat' dir='ltr'>stipatus</span> <span class='ocrx_word' id='word_1_231' title='bbox 1613 1942 1679 1973; x_wconf 82' lang='lat' dir='ltr'>sa-</span> 
     </span>
     <span class='ocr_line' id='line_1_30' title="bbox 243 1993 1678 2055; baseline -0.006 -11"><span class='ocrx_word' id='word_1_232' title='bbox 243 1999 442 2044; x_wconf 87' lang='lat' dir='ltr'>tellitum</span> <span class='ocrx_word' id='word_1_233' title='bbox 476 2014 632 2055; x_wconf 87' lang='lat' dir='ltr'>manu,</span> <span class='ocrx_word' id='word_1_234' title='bbox 666 1997 742 2042; x_wconf 90' lang='lat' dir='ltr'>sed</span> <span class='ocrx_word' id='word_1_235' title='bbox 776 1996 1075 2042; x_wconf 85' lang='lat' dir='ltr'>circumfusus</span> <span class='ocrx_word' id='word_1_236' title='bbox 1108 1993 1308 2051; x_wconf 91' lang='lat' dir='ltr'>undique</span> <span class='ocrx_word' id='word_1_237' title='bbox 1337 2007 1459 2037; x_wconf 91' lang='lat' dir='ltr'>nunc</span> <span class='ocrx_word' id='word_1_238' title='bbox 1485 1993 1678 2049; x_wconf 82' lang='lat' dir='ltr'>senatus,</span> 
     </span>
     <span class='ocr_line' id='line_1_31' title="bbox 243 2054 1716 2120; baseline -0.007 -13"><span class='ocrx_word' id='word_1_239' title='bbox 243 2077 365 2107; x_wconf 88' lang='lat' dir='ltr'>nunc</span> <span class='ocrx_word' id='word_1_240' title='bbox 392 2061 611 2120; x_wconf 87' lang='lat' dir='ltr'>equestris</span> <span class='ocrx_word' id='word_1_241' title='bbox 647 2060 816 2104; x_wconf 87' lang='lat' dir='ltr'>ordinis</span> <span class='ocrx_word' id='word_1_242' title='bbox 850 2059 960 2104; x_wconf 88' lang='lat' dir='ltr'>flore</span> <span class='ocrx_word' id='word_1_243' title='bbox 968 2093 981 2116; x_wconf 96' lang='lat'>,</span> <span class='ocrx_word' id='word_1_244' title='bbox 1012 2059 1149 2115; x_wconf 91' lang='lat' dir='ltr'>prout</span> <span class='ocrx_word' id='word_1_245' title='bbox 1176 2057 1442 2101; x_wconf 88' lang='lat' dir='ltr'>alterutrum</span> <span class='ocrx_word' id='word_1_246' title='bbox 1475 2054 1679 2112; x_wconf 85' lang='lat' dir='ltr'>frequen·</span> <span class='ocrx_word' id='word_1_247' title='bbox 1706 2066 1716 2095; x_wconf 76' lang='grc' dir='ltr'><strong>ε</strong></span> 
     </span>
     <span class='ocr_line' id='line_1_32' title="bbox 244 2118 1679 2185; baseline -0.006 -15"><span class='ocrx_word' id='word_1_248' title='bbox 244 2126 334 2170; x_wconf 86' lang='grc'>1100</span> <span class='ocrx_word' id='word_1_249' title='bbox 368 2140 509 2185; x_wconf 85' lang='lat' dir='ltr'>genus</span> <span class='ocrx_word' id='word_1_250' title='bbox 543 2123 827 2180; x_wconf 83' lang='lat' dir='ltr'>invaluisset,</span> <span class='ocrx_word' id='word_1_251' title='bbox 860 2122 1042 2167; x_wconf 85' lang='lat' dir='ltr'>silentes</span> <span class='ocrx_word' id='word_1_252' title='bbox 1076 2120 1342 2179; x_wconf 90' lang='lat' dir='ltr'>quietosque</span> <span class='ocrx_word' id='word_1_253' title='bbox 1367 2118 1549 2163; x_wconf 86' lang='lat' dir='ltr'>lictores</span> <span class='ocrx_word' id='word_1_254' title='bbox 1575 2119 1679 2161; x_wconf 92' lang='lat' dir='ltr'>tuos</span> 
     </span>
     <span class='ocr_line' id='line_1_33' title="bbox 248 2180 1681 2246; baseline -0.007 -13"><span class='ocrx_word' id='word_1_255' title='bbox 248 2187 596 2246; x_wconf 80' lang='lat' dir='ltr'>subsequebare3</span> <span class='ocrx_word' id='word_1_256' title='bbox 638 2203 742 2231; x_wconf 87' lang='lat' dir='ltr'>nam</span> <span class='ocrx_word' id='word_1_257' title='bbox 778 2186 942 2230; x_wconf 90' lang='lat' dir='ltr'>milites</span> <span class='ocrx_word' id='word_1_258' title='bbox 975 2183 1092 2228; x_wconf 87' lang='lat' dir='ltr'>nihil</span> <span class='ocrx_word' id='word_1_259' title='bbox 1125 2199 1151 2227; x_wconf 92' lang='lat' dir='ltr'>a</span> <span class='ocrx_word' id='word_1_260' title='bbox 1182 2182 1312 2241; x_wconf 86' lang='lat' dir='ltr'>plebe</span> <span class='ocrx_word' id='word_1_261' title='bbox 1345 2180 1522 2238; x_wconf 84' lang='lat' dir='ltr'>habitu,</span> <span class='ocrx_word' id='word_1_262' title='bbox 1562 2182 1681 2224; x_wconf 90' lang='lat' dir='ltr'>tran-</span> 
     </span>
    </p>

    <p class='ocr_par' dir='ltr' id='par_1_9' title="bbox 198 2241 1682 2309">
     <span class='ocr_line' id='line_1_34' title="bbox 198 2241 1682 2309; baseline -0.007 -13"><span class='ocrx_word' id='word_1_263' title='bbox 198 2264 219 2296; x_wconf 86' lang='lat'>4</span> <span class='ocrx_word' id='word_1_264' title='bbox 249 2251 491 2309; x_wconf 85' lang='lat' dir='ltr'>quillitate,</span> <span class='ocrx_word' id='word_1_265' title='bbox 525 2249 744 2295; x_wconf 87' lang='lat' dir='ltr'>modestia</span> <span class='ocrx_word' id='word_1_266' title='bbox 778 2248 1055 2293; x_wconf 87' lang='lat' dir='ltr'>differebant.</span> <span class='ocrx_word' id='word_1_267' title='bbox 1121 2245 1212 2291; x_wconf 88' lang='lat' dir='ltr'>Ubi</span> <span class='ocrx_word' id='word_1_268' title='bbox 1246 2260 1351 2290; x_wconf 87' lang='lat' dir='ltr'>vero</span> <span class='ocrx_word' id='word_1_269' title='bbox 1387 2243 1575 2302; x_wconf 87' lang='lat' dir='ltr'>coepisti</span> <span class='ocrx_word' id='word_1_270' title='bbox 1603 2241 1682 2286; x_wconf 85' lang='lat' dir='ltr'>Ca-</span> 
     </span>
    </p>
   </div>
   <div class='ocr_carea' id='block_1_3' title="bbox 251 2321 551 2327">
    <p class='ocr_par' dir='ltr' id='par_1_10' title="bbox 251 2321 551 2327">
     <span class='ocr_line' id='line_1_35' title="bbox 251 2321 551 2327; baseline 0 0"><span class='ocrx_word' id='word_1_271' title='bbox 251 2321 551 2327; x_wconf 95' lang='lat' dir='ltr'> </span> 
     </span>
    </p>
   </div>
   <div class='ocr_carea' id='block_1_4' title="bbox 249 2353 1682 2564">
    <p class='ocr_par' dir='ltr' id='par_1_11' title="bbox 249 2353 1682 2564">
     <span class='ocr_line' id='line_1_36' title="bbox 352 2353 1680 2411; baseline -0.008 -11"><span class='ocrx_word' id='word_1_272' title='bbox 352 2362 424 2400; x_wconf 83' lang='lat'>16*</span> <span class='ocrx_word' id='word_1_273' title='bbox 451 2374 516 2411; x_wconf 71' lang='lat' dir='ltr'>eqo</span> <span class='ocrx_word' id='word_1_274' title='bbox 542 2362 784 2409; x_wconf 74' lang='lat' dir='ltr'>interpunxi,</span> <span class='ocrx_word' id='word_1_275' title='bbox 811 2373 844 2398; x_wconf 82' lang='lat' dir='ltr'>v.</span> <span class='ocrx_word' id='word_1_276' title='bbox 867 2361 920 2397; x_wconf 85' lang='lat' dir='ltr'>ad</span> <span class='ocrx_word' id='word_1_277' title='bbox 941 2372 981 2407; x_wconf 73' lang='lat' dir='ltr'>p.</span> <span class='ocrx_word' id='word_1_278' title='bbox 1004 2362 1065 2405; x_wconf 84' lang='grc'>47,</span> <span class='ocrx_word' id='word_1_279' title='bbox 1094 2362 1138 2404; x_wconf 89' lang='grc'>1,·</span> <span class='ocrx_word' id='word_1_280' title='bbox 1164 2359 1251 2403; x_wconf 80' lang='grc'><strong><em>345,</em></strong></span> <span class='ocrx_word' id='word_1_281' title='bbox 1278 2360 1312 2394; x_wconf 89' lang='grc'>4.</span> <span class='ocrx_word' id='word_1_282' title='bbox 1467 2353 1540 2390; x_wconf 83' lang='grc'>23*</span> <span class='ocrx_word' id='word_1_283' title='bbox 1567 2355 1680 2391; x_wconf 84' lang='grc'>101110</span> 
     </span>
     <span class='ocr_line' id='line_1_37' title="bbox 249 2404 1681 2461; baseline -0.007 -11"><span class='ocrx_word' id='word_1_284' title='bbox 249 2413 425 2450; x_wconf 82' lang='lat' dir='ltr'>tumultu</span> <span class='ocrx_word' id='word_1_285' title='bbox 452 2424 528 2461; x_wconf 72' lang='lat'>390,</span> <span class='ocrx_word' id='word_1_286' title='bbox 555 2413 603 2459; x_wconf 80' lang='lat' dir='ltr'>cf.</span> <span class='ocrx_word' id='word_1_287' title='bbox 626 2423 682 2459; x_wconf 77' lang='lat' dir='ltr'>ep.</span> <span class='ocrx_word' id='word_1_288' title='bbox 705 2412 790 2448; x_wconf 86' lang='lat' dir='ltr'>VII</span> <span class='ocrx_word' id='word_1_289' title='bbox 807 2413 841 2457; x_wconf 83' lang='lat'>6,</span> <span class='ocrx_word' id='word_1_290' title='bbox 863 2414 909 2456; x_wconf 85' lang='grc'>9,·</span> <span class='ocrx_word' id='word_1_291' title='bbox 929 2421 1070 2458; x_wconf 71' lang='lat' dir='ltr'>paney.</span> <span class='ocrx_word' id='word_1_292' title='bbox 1093 2411 1154 2454; x_wconf 81' lang='lat'>76,</span> <span class='ocrx_word' id='word_1_293' title='bbox 1176 2411 1200 2445; x_wconf 85' lang='grc'><strong><em>7</em></strong></span> <span class='ocrx_word' id='word_1_294' title='bbox 1207 2422 1221 2453; x_wconf 88' lang='grc'>,·</span> <span class='ocrx_word' id='word_1_295' title='bbox 1246 2407 1404 2444; x_wconf 86' lang='lat' dir='ltr'>tantum</span> <span class='ocrx_word' id='word_1_296' title='bbox 1430 2404 1534 2442; x_wconf 85' lang='lat' dir='ltr'>ultro</span> <span class='ocrx_word' id='word_1_297' title='bbox 1562 2404 1681 2450; x_wconf 66' lang='lat' dir='ltr'>codd„</span> 
     </span>
     <span class='ocr_line' id='line_1_38' title="bbox 251 2455 1682 2512; baseline -0.007 -12"><span class='ocrx_word' id='word_1_298' title='bbox 251 2465 407 2500; x_wconf 88' lang='lat' dir='ltr'>tantum</span> <span class='ocrx_word' id='word_1_299' title='bbox 435 2462 574 2512; x_wconf 85' lang='grc'>&lt;11011&gt;</span> <span class='ocrx_word' id='word_1_300' title='bbox 601 2461 705 2498; x_wconf 89' lang='lat' dir='ltr'>ultro</span> <span class='ocrx_word' id='word_1_301' title='bbox 733 2462 906 2508; x_wconf 76' lang='lat' dir='ltr'>Lipsius,</span> <span class='ocrx_word' id='word_1_302' title='bbox 934 2457 1249 2509; x_wconf 84' lang='lat' dir='ltr'>tantum&lt;num&gt;</span> <span class='ocrx_word' id='word_1_303' title='bbox 1276 2455 1381 2492; x_wconf 86' lang='lat' dir='ltr'>ultro</span> <span class='ocrx_word' id='word_1_304' title='bbox 1403 2455 1499 2501; x_wconf 61' lang='lat' dir='ltr'>Cat„</span> <span class='ocrx_word' id='word_1_305' title='bbox 1526 2455 1682 2491; x_wconf 86' lang='lat' dir='ltr'>tantum</span> 
     </span>
     <span class='ocr_line' id='line_1_39' title="bbox 253 2513 796 2564; baseline 0.002 -14"><span class='ocrx_word' id='word_1_306' title='bbox 253 2514 368 2564; x_wconf 86' lang='lat' dir='ltr'>&lt;tum</span> <span class='ocrx_word' id='word_1_307' title='bbox 395 2513 503 2563; x_wconf 89' lang='lat' dir='ltr'>non&gt;</span> <span class='ocrx_word' id='word_1_308' title='bbox 531 2513 635 2550; x_wconf 86' lang='lat' dir='ltr'>ultro</span> <span class='ocrx_word' id='word_1_309' title='bbox 664 2513 796 2551; x_wconf 73' lang='lat' dir='ltr'>Livin.</span> 
     </span>
    </p>
   </div>
  </div>
 </body>
</html>
