1716 2742
214 137 307 182 274
661 132 700 170 C.
722 132 860 169 PLINI
887 131 952 169 ΕΤ
980 131 1197 168 TRAIANI

771 251 881 291 XIX.
919 248 1084 302 [xxx]

489 340 530 374 O.
553 340 758 374 PLINIUS
786 339 1011 373 TRAIANO
1039 337 1374 374 IMPERATORI.

309 412 460 470 Rogo,
480 411 680 467 domine,
701 409 891 455 consilio
913 425 984 454 me
1003 425 1133 469 regas
1154 409 1472 468 haesitantem,
1492 412 1645 454 utrum

216 492 295 533 per
314 474 521 533 publicos
543 473 777 518 civitatum
799 488 971 529 servos,
992 472 1113 530 quod
1133 487 1276 530 usque
1297 472 1444 517 adhuc
1463 472 1648 529 factum,

215 555 271 582 an
316 553 397 595 per
442 536 608 580 milites
655 535 890 580 adservare
937 535 1163 580 custodias
1211 534 1409 579 debeam.
1474 535 1646 580 Vereor
1672 547 1690 574 5

215 601 352 655 enim,
385 615 441 643 ne
475 602 521 643 et
551 614 633 657 per
665 612 818 642 servos
851 597 1060 655 publicos
1093 613 1253 655 pamm
1279 597 1473 642 fideliter
1500 600 1646 642 custo-

215 663 414 720 diantur,
447 664 492 706 et
523 677 616 705 non
649 661 863 719 exiguum
897 660 1094 704 militum
1128 675 1367 704 numerum
1398 660 1508 705 haec
1541 675 1649 705 cura

168 760 185 770 -
216 725 469 784 distringat.
534 723 723 768 Interim
762 723 957 781 publicis
999 722 1138 767 servis
1172 738 1340 781 paucos
1373 723 1540 767 milites
1573 722 1647 767 ad-

215 788 320 833 didi.
387 787 529 832 Video
563 789 716 831 tamen
748 785 999 844 periculum
1033 800 1147 843 esse,
1178 801 1236 830 ne
1262 785 1308 829 id
1334 785 1485 844 ipsum
1517 786 1649 830 utris·

217 866 302 909 que
334 850 648 909 neglegentiae
694 863 829 893 causa
871 849 949 905 sit,
992 847 1099 892 dum
1142 863 1427 893 communem
1468 848 1648 906 culpam
1676 859 1712 886 1⁰

215 914 262 957 hi
296 914 344 957 in
371 913 495 970 illos,
528 913 596 956 illi
629 912 676 956 in
709 911 793 955 hos
827 926 1032 969 regerere
1064 925 1198 969 posse
1231 911 1498 971 confidunt„

775 1028 862 1068 xx.
900 1025 1088 1080 [XXXL]

699 1117 954 1151 TRAIANUS
981 1117 1172 1152 PLINIO.

309 1189 438 1235 Nihil
472 1203 584 1247 opus
613 1190 699 1245 est,
732 1187 794 1231 mi
823 1186 1026 1232 Secunde
1053 1186 1301 1244 carissime,
1334 1186 1390 1230 ad
1416 1186 1650 1232 continen-

217 1253 294 1297 das
329 1251 555 1297 custodias
596 1251 748 1309 plures
788 1249 1120 1294 commilitones
1161 1249 1376 1294 converti.
1440 1248 1647 1293 Perseve-
1675 1260 1713 1288 1⁵

215 1330 364 1360 remus
398 1315 445 1358 in
480 1330 531 1358 ea
564 1313 908 1370 consuetudine,
942 1327 1056 1370 quae
1090 1312 1165 1356 isti
1192 1311 1452 1370 provinciae
1480 1314 1567 1368 est,
1598 1314 1650 1355 ut

216 1394 296 1436 per
328 1377 536 1436 publicos
570 1391 722 1421 servos
751 1375 1074 1422 custodiantur.
1139 1374 1340 1431 Etenim,
1372 1376 1424 1418 ut
1456 1373 1650 1418 fideliter

215 1441 303 1485 hoc
335 1441 524 1497 faciant,
556 1440 605 1483 in
630 1442 710 1483 tua
737 1438 973 1483 severitate
1002 1453 1052 1482 ac
1080 1437 1317 1496 diligentia
1341 1438 1541 1494 positum
1570 1439 1649 1480 est.

215 1503 269 1548 In
294 1503 452 1562 primis
480 1502 621 1559 enim,
648 1501 765 1546 sicut
785 1501 962 1557 scribis,
988 1500 1233 1545 verendum
1261 1502 1348 1557 est,
1379 1515 1455 1557 ne,
1488 1499 1527 1544 si
1552 1515 1650 1558 per-

217 1567 489 1611 misceantur
522 1564 661 1609 servis
694 1563 889 1622 publicis
916 1563 1104 1620 milites,
1137 1565 1294 1607 mutua
1322 1562 1440 1607 inter
1465 1578 1511 1607 se
1538 1562 1650 1606 fidu-
1676 1573 1713 1601 2⁰

218 1630 286 1674 cia
330 1628 690 1687 neglegentiores
737 1627 846 1684 sint3
906 1625 983 1670 sed
1030 1628 1075 1670 et
1120 1625 1233 1670 illud
1277 1625 1460 1670 haereat
1505 1624 1650 1682 nobis,

220 1707 353 1750 quam
387 1690 682 1749 paucissimos
717 1690 884 1734 milites
918 1705 944 1733 a
978 1689 1119 1748 signis
1154 1687 1407 1732 avocandos
1441 1703 1548 1732 esse.

192 1635 204 1746 Ι

756 1807 865 1846 XXI.
902 1804 1111 1858 [XXXIM

492 1896 535 1931 C.
557 1895 763 1930 PLINIUS
793 1895 1018 1929 TRAIANO
1046 1893 1380 1928 IMPERATORI.

308 1966 474 2011 Gavius
520 1965 707 2023 Bassus,
762 1965 1017 2023 praefectus
1065 1980 1169 2008 orae
1215 1963 1449 2020 Ponticae,
1495 1965 1541 2007 et
1584 1977 1648 2006 re·
1677 1973 1714 2002 2⁵

218 2030 527 2074 verentissime
561 2031 605 2073 et
639 2027 989 2085 officiosissime,
1023 2027 1223 2084 domine,
1255 2026 1380 2070 venit
1412 2025 1468 2069 ad
1501 2040 1572 2069 me
1606 2027 1651 2068 et

220 2092 526 2149 compluribus
569 2091 726 2135 diebus
768 2091 856 2135 fuit
899 2105 1096 2147 mecum,
1141 2091 1361 2147 quantum
1397 2087 1650 2146 perspicere

218 2155 368 2212 potui,
400 2155 470 2199 vir
496 2153 703 2213 egregius
732 2156 776 2197 et
803 2153 1087 2212 indulgentia
1113 2155 1191 2196 tua
1218 2151 1395 2210 dignus.
1456 2149 1538 2195 Cui
1565 2165 1649 2208 ego

219 2220 378 2261 notum
420 2217 504 2262 feci
547 2216 826 2274 praecepisse
869 2218 934 2272 te,
977 2218 1028 2259 ut
1068 2231 1123 2259 ex
1163 2213 1444 2270 cohortibus,
1487 2212 1650 2270 quibus

219 2296 289 2323 me
310 2294 514 2337 praeesse
540 2279 745 2336 voluisti,
772 2281 1009 2323 contentus
1031 2280 1149 2322 esset
1169 2276 1464 2322 beneficiariis
1485 2275 1652 2332 decem,
1677 2286 1716 2314 so

220 2343 444 2399 equitibus
480 2342 674 2398 duobus,
707 2341 970 2386 centurione
995 2355 1098 2384 uno.
1166 2338 1416 2397 Respondit
1442 2353 1535 2381 non
1561 2338 1649 2381 suf-

322 2469 366 2501 11
394 2476 528 2512 regere
555 2477 591 2511 a,
618 2475 796 2512 regerere
818 2463 919 2513 <εθ>
940 2476 978 2511 p.
1003 2463 1139 2500 Muell.
1243 2465 1291 2498 25
1319 2460 1468 2498 Gabius
1489 2473 1527 2507 a,
1551 2462 1599 2497 K.
1616 2462 1650 2505 J,

226 2515 361 2560 Hard.,
391 2516 476 2552 item
500 2527 537 2562 p.
559 2517 648 2560 275,
674 2518 698 2551 6
723 2519 758 2551 et
784 2514 893 2559 infra
919 2514 971 2550 ad
1002 2514 1107 2550 Trai.
1129 2515 1214 2549 86a
1242 2514 1338 2558 (18).
