1716 2742
218 146 309 191 296
663 143 701 180 C.
730 142 868 180 PLINI
894 143 960 180 ΕΤ
987 142 1202 180 TRAIANI

217 259 480 318 scripseram
515 259 681 317 petisse
720 257 1009 317 Lycormam,
1047 261 1099 303 ut
1139 258 1433 319 legationem,
1475 259 1512 304 si
1556 275 1645 318 qua

215 323 410 367 venisset
436 338 462 366 a
487 322 714 380 Bosporo,
739 337 881 380 usque
907 322 956 366 in
981 322 1222 366 adventum
1243 337 1375 367 suum
1393 322 1643 368 retinerem.

217 384 346 438 Quod
380 385 547 430 diutius
580 384 774 430 faciendi
811 386 938 430 nulla
977 384 1089 429 mihi
1128 384 1376 443 probabilis
1415 385 1531 430 ratio
1572 401 1644 431 oc-

215 448 373 506 currit,
405 449 669 506 praesertim
709 463 812 493 cum
852 448 1071 507 epistulae
1110 448 1380 506 Lycormae,
1419 463 1530 507 quas
1571 449 1644 494 de-

213 512 372 568 tinere,
414 513 464 555 ut
506 514 610 556 ante
652 511 874 570 praedixi,
915 512 1062 570 nolui,
1104 511 1279 570 aliquot
1321 511 1478 557 diebus
1521 511 1643 557 hunc
1669 526 1686 555 5

211 574 411 633 legatum
437 577 747 620 antecessurae
773 574 1042 619 viderentur.

699 691 892 733 LXVIII.
928 689 1154 746 [LXXIII]

486 782 528 816 C.
550 781 756 816 PLINIUS
785 782 1009 817 TRAIANO
1037 780 1370 816 IMPERATORI.

304 851 565 896 Petentibus
620 852 905 910 quibusdam,
961 855 1013 897 ut
1064 851 1153 896 sibi
1197 850 1410 910 reliquias
1457 865 1641 896 suorum

209 917 287 959 aut
326 918 512 973 propter
551 915 763 959 iniuriam
805 916 1044 960 vetustatis
1087 916 1165 959 aut
1207 916 1394 973 propter
1437 913 1638 959 fluminis
1666 929 1703 957 10

206 977 437 1023 incursum
490 978 666 1036 aliaque
718 979 788 1023 his
841 978 1007 1024 similia
1058 992 1342 1036 quocumque
1395 977 1640 1022 secundum

207 1042 461 1099 exemplum
504 1042 826 1099 proconsulum
872 1041 1114 1086 transferre
1159 1041 1489 1099 permitterem,
1535 1039 1641 1098 quia

206 1104 400 1149 sciebam
440 1105 488 1149 in
520 1105 631 1149 urbe
663 1109 819 1149 nostra
852 1120 907 1149 ex
940 1105 1034 1149 eius
1068 1103 1191 1148 modi
1230 1118 1364 1149 causa
1396 1103 1639 1163 collegium

181 1105 472 1279 {pontificum
517 1168 630 1212 adiri
674 1168 835 1226 solere,
881 1171 949 1226 te,
991 1168 1189 1225 domine,
1237 1166 1484 1211 maximum
1529 1181 1639 1225 pon-

204 1230 372 1275 tificem
406 1231 731 1276 consulendum
765 1231 943 1289 putavi,
985 1230 1092 1290 quid
1133 1230 1370 1275 observare
1408 1245 1480 1274 me
1513 1229 1638 1274 velis.
1666 1243 1701 1272 15

717 1347 862 1388 LXIX.
898 1346 1120 1399 [LXXIV]

685 1437 940 1479 TRAIANUS
967 1437 1158 1472 PLINIO.

297 1505 472 1551 Durum
520 1509 587 1552 est
632 1507 867 1567 iniungere
918 1507 1229 1552 necessitatem
1282 1505 1634 1565 provincialibus

202 1569 468 1627 pontificum
516 1570 841 1628 adeundorum,
887 1571 926 1616 si
967 1570 1179 1628 reliquias
1223 1585 1408 1614 suorum
1449 1571 1635 1628 propter

200 1632 373 1690 aliquas
406 1633 546 1678 iustas
580 1648 735 1678 causas
762 1633 1003 1679 transferre
1031 1649 1086 1678 ex
1110 1634 1211 1678 loco
1238 1633 1286 1677 in
1312 1632 1451 1677 alium
1482 1632 1635 1678 locum
1661 1647 1698 1676 ιο

199 1695 351 1739 velint.
418 1695 655 1754 Sequenda
680 1711 787 1756 ergo
814 1697 966 1755 potius
991 1696 1076 1741 tibi
1103 1696 1308 1754 exempla
1333 1698 1440 1740 sunt
1465 1710 1636 1754 eorum,

201 1758 279 1815 qui
311 1758 385 1802 isti
420 1760 678 1816 provinciae
711 1760 1022 1818 praefuerunt,
1048 1762 1093 1804 et
1118 1762 1170 1804 ut
1196 1774 1330 1804 causa
1362 1758 1544 1817 cuique,
1570 1758 1635 1803 ita
1714 1799 1716 1807 .

200 1823 278 1864 aut
309 1822 661 1879 permittendum
695 1825 773 1867 aut
804 1823 1074 1883 negandum.

731 1939 853 1980 LXX.
891 1937 1094 1993 [LXXV]

471 2028 513 2063 c,
535 2029 741 2064 PLINIUS
769 2029 993 2064 TRAIANO
1021 2027 1354 2064 IMPERATORL
1657 2003 1716 2054 ²⁵5

150 2107 169 2140 1
294 2095 533 2150 Quaerenti
554 2100 678 2158 mihi,
699 2099 892 2157 domine,
919 2099 1085 2144 Prusae
1112 2099 1191 2144 ubi
1210 2101 1364 2157 posset
1390 2099 1630 2158 balineum,
1712 2103 1716 2125 ³

199 2159 319 2216 quod
341 2160 582 2219 indulsisti,
610 2162 720 2220 fieri,
745 2163 918 2220 placuit
937 2162 1109 2220 locus,
1098 2178 1146 2206 m
1168 2177 1257 2220 quo
1277 2162 1366 2207 fuit
1385 2162 1627 2220 aliquando
1709 2161 1716 2200 ἱ

197 2221 386 2293 domus,
408 2226 459 2267 ut
498 2225 651 2282 audio,
683 2225 892 2283 pulchra,
924 2241 1044 2270 nunc
1078 2225 1290 2270 deformis
1323 2225 1477 2269 ruinis.
1542 2224 1629 2270 Per
1709 2231 1716 2287 ᾖ

195 2283 283 2329 hoc
317 2285 436 2330 enim
470 2301 815 2346 consequemur,
856 2291 907 2332 ut
950 2288 1210 2333 foedissima
1250 2287 1387 2333 facies
1431 2287 1627 2333 civitatis

196 2350 397 2404 ornetur,
431 2351 565 2407 atque
599 2350 733 2395 etiam
766 2354 817 2395 ut
849 2352 948 2409 ipsa
975 2351 1132 2396 civitas
1160 2351 1401 2410 amplietur
1425 2365 1509 2396 nec
1534 2351 1628 2396 ulla
1653 2364 1691 2393 ao

303 2447 376 2483 11*
402 2458 648 2495 quocumque
679 2460 743 2497 eqo
764 2450 887 2487 Wien.
904 2450 1012 2488 stud.
1029 2450 1160 2487 XXV
1175 2452 1263 2495 312,
1295 2449 1345 2494 cf.
1371 2449 1482 2495 infra
1513 2461 1547 2487 v.
1573 2452 1627 2487 20

194 2501 229 2534 et
248 2509 290 2544 p.
310 2499 402 2543 293,
423 2501 460 2544 7,
487 2508 758 2546 quaecumque
780 2500 882 2548 vulq.
986 2504 1032 2536 22
1062 2501 1101 2537 et
1126 2501 1172 2536 ut
1197 2499 1218 2537 2
1244 2498 1297 2536 Κ.
1312 2500 1374 2546 II,
1400 2500 1441 2537 et
1461 2510 1509 2536 ex
1529 2499 1625 2547 Cat„

195 2547 246 2584 K.
264 2548 299 2594 I,
319 2547 461 2594 Hard„
489 2559 537 2586 ex
564 2549 702 2586 Muell.
