<?xml version="1.0" encoding="UTF-8"?>
<!DOCTYPE html PUBLIC "-//W3C//DTD XHTML 1.0 Transitional//EN"
    "http://www.w3.org/TR/xhtml1/DTD/xhtml1-transitional.dtd">
<html xmlns="http://www.w3.org/1999/xhtml" xml:lang="en" lang="en">
 <head>
  <title>
</title>
<meta http-equiv="Content-Type" content="text/html;charset=utf-8" />
  <meta name='ocr-system' content='tesseract 3.04.00' />
  <meta name='ocr-capabilities' content='ocr_page ocr_carea ocr_par ocr_line ocrx_word'/>
</head>
<body>
  <div class='ocr_page' id='page_1' title='image "./epistularumlibr00plin_0252.png"; bbox 0 0 1716 2742; ppageno 0'>
   <div class='ocr_carea' id='block_1_1' title="bbox 195 144 1011 195">
    <p class='ocr_par' dir='ltr' id='par_1_1' title="bbox 195 144 1011 195">
     <span class='ocr_line' id='line_1_1' title="bbox 195 144 1011 195; baseline -0.001 -13"><span class='ocrx_word' id='word_1_1' title='bbox 195 149 287 195; x_wconf 84' lang='lat'>236</span> <span class='ocrx_word' id='word_1_2' title='bbox 807 145 846 182; x_wconf 82' lang='lat' dir='ltr'>e.</span> <span class='ocrx_word' id='word_1_3' title='bbox 874 144 1011 182; x_wconf 84' lang='lat' dir='ltr'>PLINI</span> 
     </span>
    </p>
   </div>
   <div class='ocr_carea' id='block_1_2' title="bbox 145 259 1677 569">
    <p class='ocr_par' dir='ltr' id='par_1_2' title="bbox 145 259 1677 569">
     <span class='ocr_line' id='line_1_2' title="bbox 196 259 1625 319; baseline -0.002 -13"><span class='ocrx_word' id='word_1_4' title='bbox 196 262 277 306; x_wconf 92' lang='lat' dir='ltr'>dor</span> <span class='ocrx_word' id='word_1_5' title='bbox 309 262 356 305; x_wconf 91' lang='lat' dir='ltr'>in</span> <span class='ocrx_word' id='word_1_6' title='bbox 388 277 434 305; x_wconf 91' lang='lat' dir='ltr'>re</span> <span class='ocrx_word' id='word_1_7' title='bbox 467 260 610 316; x_wconf 88' lang='lat' dir='ltr'>inani,</span> <span class='ocrx_word' id='word_1_8' title='bbox 642 260 807 319; x_wconf 87' lang='lat' dir='ltr'>frigida</span> <span class='ocrx_word' id='word_1_9' title='bbox 846 259 1029 303; x_wconf 81' lang='lat' dir='ltr'>adsidue</span> <span class='ocrx_word' id='word_1_10' title='bbox 1068 261 1162 303; x_wconf 87' lang='lat' dir='ltr'>tam</span> <span class='ocrx_word' id='word_1_11' title='bbox 1201 259 1515 305; x_wconf 64' lang='lat' dir='ltr'>insatiabiliter</span> <span class='ocrx_word' id='word_1_12' title='bbox 1555 259 1625 303; x_wconf 88' lang='lat' dir='ltr'>de-</span> 
     </span>
     <span class='ocr_line' id='line_1_3' title="bbox 145 321 1626 381; baseline -0.002 -12"><span class='ocrx_word' id='word_1_13' title='bbox 145 323 147 325; x_wconf 70' lang='grc'><strong>’</strong></span> <span class='ocrx_word' id='word_1_14' title='bbox 196 325 357 381; x_wconf 83' lang='lat' dir='ltr'>sidere,</span> <span class='ocrx_word' id='word_1_15' title='bbox 391 323 519 380; x_wconf 86' lang='lat' dir='ltr'>capio</span> <span class='ocrx_word' id='word_1_16' title='bbox 554 323 751 380; x_wconf 82' lang='lat' dir='ltr'><strong>aliquam</strong></span> <span class='ocrx_word' id='word_1_17' title='bbox 786 322 1088 379; x_wconf 85' lang='lat' dir='ltr'>voluptatem,</span> <span class='ocrx_word' id='word_1_18' title='bbox 1121 323 1243 379; x_wconf 93' lang='lat' dir='ltr'>quod</span> <span class='ocrx_word' id='word_1_19' title='bbox 1274 321 1360 367; x_wconf 81' lang='lat' dir='ltr'>hac</span> <span class='ocrx_word' id='word_1_20' title='bbox 1392 322 1626 379; x_wconf 85' lang='lat' dir='ltr'>voluptate</span> 
     </span>
     <span class='ocr_line' id='line_1_4' title="bbox 145 383 1627 443; baseline -0.001 -13"><span class='ocrx_word' id='word_1_21' title='bbox 145 399 167 430; x_wconf 84' lang='lat'>4</span> <span class='ocrx_word' id='word_1_22' title='bbox 194 402 287 431; x_wconf 91' lang='lat' dir='ltr'>non</span> <span class='ocrx_word' id='word_1_23' title='bbox 319 386 483 443; x_wconf 86' lang='lat' dir='ltr'>capior.</span> <span class='ocrx_word' id='word_1_24' title='bbox 550 383 618 430; x_wconf 90' lang='lat' dir='ltr'>Ac</span> <span class='ocrx_word' id='word_1_25' title='bbox 644 401 725 442; x_wconf 89' lang='lat' dir='ltr'>per</span> <span class='ocrx_word' id='word_1_26' title='bbox 750 385 833 429; x_wconf 90' lang='lat' dir='ltr'>hos</span> <span class='ocrx_word' id='word_1_27' title='bbox 861 385 955 429; x_wconf 91' lang='lat' dir='ltr'>dies</span> <span class='ocrx_word' id='word_1_28' title='bbox 981 384 1279 429; x_wconf 89' lang='lat' dir='ltr'>libentissime</span> <span class='ocrx_word' id='word_1_29' title='bbox 1306 385 1450 430; x_wconf 90' lang='lat' dir='ltr'>otium</span> <span class='ocrx_word' id='word_1_30' title='bbox 1477 399 1627 429; x_wconf 92' lang='lat' dir='ltr'>meum</span> 
     </span>
     <span class='ocr_line' id='line_1_5' title="bbox 194 446 1626 506; baseline -0.001 -14"><span class='ocrx_word' id='word_1_31' title='bbox 194 450 242 493; x_wconf 89' lang='lat' dir='ltr'>in</span> <span class='ocrx_word' id='word_1_32' title='bbox 267 448 429 493; x_wconf 88' lang='lat' dir='ltr'>litteris</span> <span class='ocrx_word' id='word_1_33' title='bbox 458 448 666 504; x_wconf 86' lang='lat' dir='ltr'>conloco,</span> <span class='ocrx_word' id='word_1_34' title='bbox 693 462 806 505; x_wconf 92' lang='lat' dir='ltr'>quos</span> <span class='ocrx_word' id='word_1_35' title='bbox 834 447 912 491; x_wconf 89' lang='lat' dir='ltr'>alii</span> <span class='ocrx_word' id='word_1_36' title='bbox 940 446 1224 492; x_wconf 74' lang='lat' dir='ltr'>otiosissimis</span> <span class='ocrx_word' id='word_1_37' title='bbox 1256 447 1626 506; x_wconf 73' lang='lat' dir='ltr'>occupationibus</span> 
     </span>
     <span class='ocr_line' id='line_1_6' title="bbox 194 509 1677 569; baseline -0.003 -15"><span class='ocrx_word' id='word_1_38' title='bbox 194 511 398 569; x_wconf 89' lang='lat' dir='ltr'>perdunt.</span> <span class='ocrx_word' id='word_1_39' title='bbox 464 509 590 554; x_wconf 84' lang='lat' dir='ltr'>Vale.</span> <span class='ocrx_word' id='word_1_40' title='bbox 1660 521 1677 549; x_wconf 86' lang='lat'><strong>5</strong></span> 
     </span>
    </p>
   </div>
   <div class='ocr_carea' id='block_1_3' title="bbox 559 587 1271 711">
    <p class='ocr_par' dir='ltr' id='par_1_3' title="bbox 559 587 1271 711">
     <span class='ocr_line' id='line_1_7' title="bbox 867 587 1271 631; baseline -0.002 -4"><span class='ocrx_word' id='word_1_41' title='bbox 867 587 962 628; x_wconf 85' lang='lat' dir='ltr'><strong>VII.</strong></span> <span class='ocrx_word' id='word_1_42' title='bbox 1089 598 1121 630; x_wconf 85' lang='grc'>2</span> <span class='ocrx_word' id='word_1_43' title='bbox 1145 588 1271 631; x_wconf 70' lang='lat' dir='ltr'>wlsas</span> 
     </span>
     <span class='ocr_line' id='line_1_8' title="bbox 559 676 1264 711; baseline 0.001 -1"><span class='ocrx_word' id='word_1_44' title='bbox 559 677 600 711; x_wconf 88' lang='lat' dir='ltr'>C.</span> <span class='ocrx_word' id='word_1_45' title='bbox 622 677 829 711; x_wconf 83' lang='lat' dir='ltr'>PLINIUS</span> <span class='ocrx_word' id='word_1_46' title='bbox 856 677 1069 711; x_wconf 86' lang='lat' dir='ltr'><strong>ROMANO</strong></span> <span class='ocrx_word' id='word_1_47' title='bbox 1099 676 1196 711; x_wconf 83' lang='lat' dir='ltr'>SUO</span> <span class='ocrx_word' id='word_1_48' title='bbox 1226 677 1264 711; x_wconf 84' lang='lat' dir='ltr'>S.</span> 
     </span>
    </p>
   </div>
   <div class='ocr_carea' id='block_1_4' title="bbox 145 758 1716 2008">
    <p class='ocr_par' dir='ltr' id='par_1_4' title="bbox 147 758 1692 943">
     <span class='ocr_line' id='line_1_9' title="bbox 147 758 1629 816; baseline -0.001 -12"><span class='ocrx_word' id='word_1_49' title='bbox 147 773 163 804; x_wconf 84' lang='lat'>1</span> <span class='ocrx_word' id='word_1_50' title='bbox 287 758 538 804; x_wconf 88' lang='lat' dir='ltr'>Aedificare</span> <span class='ocrx_word' id='word_1_51' title='bbox 565 763 610 804; x_wconf 91' lang='lat' dir='ltr'>te</span> <span class='ocrx_word' id='word_1_52' title='bbox 638 759 808 804; x_wconf 89' lang='lat' dir='ltr'>scribis.</span> <span class='ocrx_word' id='word_1_53' title='bbox 860 758 1096 803; x_wconf 88' lang='lat' dir='ltr'>Beneest:</span> <span class='ocrx_word' id='word_1_54' title='bbox 1123 758 1275 803; x_wconf 87' lang='lat' dir='ltr'>inveni</span> <span class='ocrx_word' id='word_1_55' title='bbox 1306 759 1629 816; x_wconf 82' lang='lat' dir='ltr'>patrocinium3</span> 
     </span>
     <span class='ocr_line' id='line_1_10' title="bbox 194 821 1630 880; baseline 0 -14"><span class='ocrx_word' id='word_1_56' title='bbox 194 822 381 867; x_wconf 88' lang='lat' dir='ltr'>aedifico</span> <span class='ocrx_word' id='word_1_57' title='bbox 409 823 528 867; x_wconf 89' lang='lat' dir='ltr'>enim</span> <span class='ocrx_word' id='word_1_58' title='bbox 561 823 651 866; x_wconf 89' lang='lat' dir='ltr'>iam</span> <span class='ocrx_word' id='word_1_59' title='bbox 685 822 876 879; x_wconf 90' lang='lat' dir='ltr'>ratione,</span> <span class='ocrx_word' id='word_1_60' title='bbox 905 822 1010 880; x_wconf 91' lang='lat' dir='ltr'>quia</span> <span class='ocrx_word' id='word_1_61' title='bbox 1035 824 1196 866; x_wconf 88' lang='lat' dir='ltr'>tecum.</span> <span class='ocrx_word' id='word_1_62' title='bbox 1260 821 1381 866; x_wconf 88' lang='lat' dir='ltr'>Nam</span> <span class='ocrx_word' id='word_1_63' title='bbox 1405 821 1494 866; x_wconf 89' lang='lat' dir='ltr'>hoc</span> <span class='ocrx_word' id='word_1_64' title='bbox 1521 836 1630 879; x_wconf 90' lang='lat' dir='ltr'>quo-</span> 
     </span>
     <span class='ocr_line' id='line_1_11' title="bbox 195 884 1692 943; baseline -0.001 -14"><span class='ocrx_word' id='word_1_65' title='bbox 195 901 282 943; x_wconf 93' lang='lat' dir='ltr'>que</span> <span class='ocrx_word' id='word_1_66' title='bbox 314 900 407 929; x_wconf 89' lang='lat' dir='ltr'>non</span> <span class='ocrx_word' id='word_1_67' title='bbox 441 884 680 943; x_wconf 79' lang='lat' dir='ltr'>dissimile,</span> <span class='ocrx_word' id='word_1_68' title='bbox 716 885 836 942; x_wconf 90' lang='lat' dir='ltr'>quod</span> <span class='ocrx_word' id='word_1_69' title='bbox 870 884 926 928; x_wconf 90' lang='lat' dir='ltr'>ad</span> <span class='ocrx_word' id='word_1_70' title='bbox 960 900 1081 928; x_wconf 88' lang='lat' dir='ltr'>mare</span> <span class='ocrx_word' id='word_1_71' title='bbox 1114 887 1184 941; x_wconf 90' lang='lat' dir='ltr'>tu,</span> <span class='ocrx_word' id='word_1_72' title='bbox 1225 899 1309 943; x_wconf 86' lang='lat' dir='ltr'>ego</span> <span class='ocrx_word' id='word_1_73' title='bbox 1350 884 1406 928; x_wconf 85' lang='lat' dir='ltr'>ad</span> <span class='ocrx_word' id='word_1_74' title='bbox 1445 884 1629 928; x_wconf 88' lang='lat' dir='ltr'>Larium</span> <span class='ocrx_word' id='word_1_75' title='bbox 1657 896 1692 923; x_wconf 78' lang='grc' dir='ltr'>ιο</span> 
     </span>
    </p>

    <p class='ocr_par' dir='ltr' id='par_1_5' title="bbox 145 946 1630 1131">
     <span class='ocr_line' id='line_1_12' title="bbox 145 946 1630 1006; baseline -0.001 -14"><span class='ocrx_word' id='word_1_76' title='bbox 145 960 165 991; x_wconf 78' lang='lat'><strong>2</strong></span> <span class='ocrx_word' id='word_1_77' title='bbox 193 949 354 992; x_wconf 87' lang='lat' dir='ltr'>lacum.</span> <span class='ocrx_word' id='word_1_78' title='bbox 419 947 569 992; x_wconf 89' lang='lat' dir='ltr'>Huius</span> <span class='ocrx_word' id='word_1_79' title='bbox 602 948 650 991; x_wconf 94' lang='lat' dir='ltr'>in</span> <span class='ocrx_word' id='word_1_80' title='bbox 682 948 815 992; x_wconf 88' lang='lat' dir='ltr'>litore</span> <span class='ocrx_word' id='word_1_81' title='bbox 848 948 1000 1005; x_wconf 88' lang='lat' dir='ltr'>plures</span> <span class='ocrx_word' id='word_1_82' title='bbox 1040 947 1174 991; x_wconf 84' lang='lat' dir='ltr'>villae</span> <span class='ocrx_word' id='word_1_83' title='bbox 1213 962 1358 1006; x_wconf 89' lang='lat' dir='ltr'>meae,</span> <span class='ocrx_word' id='word_1_84' title='bbox 1399 947 1476 992; x_wconf 93' lang='lat' dir='ltr'>sed</span> <span class='ocrx_word' id='word_1_85' title='bbox 1516 946 1630 991; x_wconf 90' lang='lat' dir='ltr'>duae</span> 
     </span>
     <span class='ocr_line' id='line_1_13' title="bbox 194 1008 1630 1067; baseline 0 -13"><span class='ocrx_word' id='word_1_86' title='bbox 194 1011 387 1055; x_wconf 87' lang='lat' dir='ltr'>maxime</span> <span class='ocrx_word' id='word_1_87' title='bbox 413 1013 465 1054; x_wconf 91' lang='lat' dir='ltr'>ut</span> <span class='ocrx_word' id='word_1_88' title='bbox 491 1010 716 1055; x_wconf 86' lang='lat' dir='ltr'>delectant</span> <span class='ocrx_word' id='word_1_89' title='bbox 742 1011 806 1054; x_wconf 88' lang='lat' dir='ltr'>ita</span> <span class='ocrx_word' id='word_1_90' title='bbox 832 1013 1050 1054; x_wconf 85' lang='lat' dir='ltr'>exercent.</span> <span class='ocrx_word' id='word_1_91' title='bbox 1088 1008 1246 1054; x_wconf 86' lang='lat' dir='ltr'>Altera</span> <span class='ocrx_word' id='word_1_92' title='bbox 1271 1009 1485 1067; x_wconf 88' lang='lat' dir='ltr'>imposita</span> <span class='ocrx_word' id='word_1_93' title='bbox 1511 1009 1630 1054; x_wconf 83' lang='lat' dir='ltr'>saxis</span> 
     </span>
     <span class='ocr_line' id='line_1_14' title="bbox 194 1072 1630 1131; baseline -0.001 -14"><span class='ocrx_word' id='word_1_94' title='bbox 194 1089 318 1118; x_wconf 83' lang='lat' dir='ltr'>more</span> <span class='ocrx_word' id='word_1_95' title='bbox 344 1073 515 1117; x_wconf 88' lang='lat' dir='ltr'>Baiano</span> <span class='ocrx_word' id='word_1_96' title='bbox 542 1073 692 1118; x_wconf 89' lang='lat' dir='ltr'>lacum</span> <span class='ocrx_word' id='word_1_97' title='bbox 718 1073 957 1131; x_wconf 89' lang='lat' dir='ltr'>prospicit,</span> <span class='ocrx_word' id='word_1_98' title='bbox 978 1073 1118 1117; x_wconf 87' lang='lat' dir='ltr'>altera</span> <span class='ocrx_word' id='word_1_99' title='bbox 1144 1087 1285 1130; x_wconf 88' lang='lat' dir='ltr'>aeque</span> <span class='ocrx_word' id='word_1_100' title='bbox 1311 1087 1435 1117; x_wconf 90' lang='lat' dir='ltr'>more</span> <span class='ocrx_word' id='word_1_101' title='bbox 1457 1072 1630 1116; x_wconf 86' lang='lat' dir='ltr'>Baiano</span> 
     </span>
    </p>

    <p class='ocr_par' dir='ltr' id='par_1_6' title="bbox 145 1135 1694 1319">
     <span class='ocr_line' id='line_1_15' title="bbox 145 1135 1631 1195; baseline -0.001 -16"><span class='ocrx_word' id='word_1_102' title='bbox 145 1147 166 1179; x_wconf 88' lang='lat'><strong>3</strong></span> <span class='ocrx_word' id='word_1_103' title='bbox 193 1137 343 1181; x_wconf 89' lang='lat' dir='ltr'>lacum</span> <span class='ocrx_word' id='word_1_104' title='bbox 370 1137 528 1195; x_wconf 84' lang='lat' dir='ltr'>tangit.</span> <span class='ocrx_word' id='word_1_105' title='bbox 594 1136 751 1194; x_wconf 89' lang='lat' dir='ltr'>ltaque</span> <span class='ocrx_word' id='word_1_106' title='bbox 778 1135 903 1179; x_wconf 89' lang='lat' dir='ltr'>illam</span> <span class='ocrx_word' id='word_1_107' title='bbox 929 1135 1229 1194; x_wconf 86' lang='lat' dir='ltr'>tragoediam,</span> <span class='ocrx_word' id='word_1_108' title='bbox 1259 1135 1378 1180; x_wconf 88' lang='lat' dir='ltr'>hanc</span> <span class='ocrx_word' id='word_1_109' title='bbox 1403 1135 1631 1193; x_wconf 82' lang='lat' dir='ltr'>appellare</span> 
     </span>
     <span class='ocr_line' id='line_1_16' title="bbox 195 1197 1694 1255; baseline -0.001 -12"><span class='ocrx_word' id='word_1_110' title='bbox 195 1198 474 1243; x_wconf 82' lang='lat' dir='ltr'>comoediam</span> <span class='ocrx_word' id='word_1_111' title='bbox 509 1199 651 1255; x_wconf 91' lang='lat' dir='ltr'>soleo,</span> <span class='ocrx_word' id='word_1_112' title='bbox 692 1199 839 1254; x_wconf 88' lang='lat' dir='ltr'>illam,</span> <span class='ocrx_word' id='word_1_113' title='bbox 879 1198 1000 1255; x_wconf 91' lang='lat' dir='ltr'>quod</span> <span class='ocrx_word' id='word_1_114' title='bbox 1040 1198 1169 1255; x_wconf 87' lang='lat' dir='ltr'>quasi</span> <span class='ocrx_word' id='word_1_115' title='bbox 1208 1197 1462 1255; x_wconf 89' lang='lat' dir='ltr'>cothurnis,</span> <span class='ocrx_word' id='word_1_116' title='bbox 1501 1197 1631 1255; x_wconf 88' lang='lat' dir='ltr'>hanc,</span> <span class='ocrx_word' id='word_1_117' title='bbox 1659 1208 1694 1236; x_wconf 82' lang='lat'>15</span> 
     </span>
     <span class='ocr_line' id='line_1_17' title="bbox 196 1259 1634 1319; baseline -0.001 -14"><span class='ocrx_word' id='word_1_118' title='bbox 196 1261 316 1319; x_wconf 94' lang='lat' dir='ltr'>quod</span> <span class='ocrx_word' id='word_1_119' title='bbox 344 1262 473 1319; x_wconf 88' lang='lat' dir='ltr'>quasi</span> <span class='ocrx_word' id='word_1_120' title='bbox 499 1261 692 1306; x_wconf 89' lang='lat' dir='ltr'>socculis</span> <span class='ocrx_word' id='word_1_121' title='bbox 719 1261 980 1305; x_wconf 76' lang='lat' dir='ltr'>sustinetur.</span> <span class='ocrx_word' id='word_1_122' title='bbox 1047 1259 1138 1305; x_wconf 87' lang='lat' dir='ltr'>Sua</span> <span class='ocrx_word' id='word_1_123' title='bbox 1163 1260 1344 1318; x_wconf 90' lang='lat' dir='ltr'>utrique</span> <span class='ocrx_word' id='word_1_124' title='bbox 1371 1259 1634 1318; x_wconf 85' lang='lat' dir='ltr'>amoenitas,</span> 
     </span>
    </p>

    <p class='ocr_par' dir='ltr' id='par_1_7' title="bbox 146 1322 1696 1883">
     <span class='ocr_line' id='line_1_18' title="bbox 146 1322 1633 1382; baseline 0 -15"><span class='ocrx_word' id='word_1_125' title='bbox 146 1336 166 1366; x_wconf 81' lang='lat'>4</span> <span class='ocrx_word' id='word_1_126' title='bbox 195 1327 240 1368; x_wconf 91' lang='lat' dir='ltr'>et</span> <span class='ocrx_word' id='word_1_127' title='bbox 272 1326 463 1382; x_wconf 90' lang='lat' dir='ltr'>utraque</span> <span class='ocrx_word' id='word_1_128' title='bbox 496 1323 746 1382; x_wconf 89' lang='lat' dir='ltr'>possidenti</span> <span class='ocrx_word' id='word_1_129' title='bbox 778 1324 877 1382; x_wconf 89' lang='lat' dir='ltr'>ipsa</span> <span class='ocrx_word' id='word_1_130' title='bbox 904 1322 1164 1367; x_wconf 88' lang='lat' dir='ltr'>diversitate</span> <span class='ocrx_word' id='word_1_131' title='bbox 1191 1323 1443 1368; x_wconf 90' lang='lat' dir='ltr'>iucundior.</span> <span class='ocrx_word' id='word_1_132' title='bbox 1508 1322 1633 1367; x_wconf 88' lang='lat' dir='ltr'>Haec</span> 
     </span>
     <span class='ocr_line' id='line_1_19' title="bbox 194 1385 1633 1445; baseline -0.001 -14"><span class='ocrx_word' id='word_1_133' title='bbox 194 1388 296 1431; x_wconf 93' lang='lat' dir='ltr'>lacu</span> <span class='ocrx_word' id='word_1_134' title='bbox 329 1387 535 1445; x_wconf 90' lang='lat' dir='ltr'>propius,</span> <span class='ocrx_word' id='word_1_135' title='bbox 568 1386 648 1431; x_wconf 87' lang='lat' dir='ltr'>illa</span> <span class='ocrx_word' id='word_1_136' title='bbox 672 1387 808 1431; x_wconf 90' lang='lat' dir='ltr'>latius</span> <span class='ocrx_word' id='word_1_137' title='bbox 835 1385 998 1443; x_wconf 82' lang='lat' dir='ltr'>utitur3</span> <span class='ocrx_word' id='word_1_138' title='bbox 1023 1386 1135 1431; x_wconf 86' lang='lat' dir='ltr'>haec</span> <span class='ocrx_word' id='word_1_139' title='bbox 1161 1401 1302 1430; x_wconf 90' lang='lat' dir='ltr'>unum</span> <span class='ocrx_word' id='word_1_140' title='bbox 1330 1386 1478 1431; x_wconf 90' lang='lat' dir='ltr'>sinum</span> <span class='ocrx_word' id='word_1_141' title='bbox 1504 1386 1633 1431; x_wconf 91' lang='lat' dir='ltr'>molli</span> 
     </span>
     <span class='ocr_line' id='line_1_20' title="bbox 196 1447 1633 1507; baseline -0.001 -13"><span class='ocrx_word' id='word_1_142' title='bbox 196 1450 454 1494; x_wconf 88' lang='lat' dir='ltr'>curvamine</span> <span class='ocrx_word' id='word_1_143' title='bbox 488 1449 798 1507; x_wconf 88' lang='lat' dir='ltr'>amplectitur,</span> <span class='ocrx_word' id='word_1_144' title='bbox 830 1449 910 1493; x_wconf 88' lang='lat' dir='ltr'>illa</span> <span class='ocrx_word' id='word_1_145' title='bbox 943 1448 1192 1493; x_wconf 87' lang='lat' dir='ltr'>editissimo</span> <span class='ocrx_word' id='word_1_146' title='bbox 1227 1448 1360 1493; x_wconf 88' lang='lat' dir='ltr'>dorso</span> <span class='ocrx_word' id='word_1_147' title='bbox 1388 1447 1501 1493; x_wconf 89' lang='lat' dir='ltr'>duos</span> <span class='ocrx_word' id='word_1_148' title='bbox 1528 1448 1633 1492; x_wconf 91' lang='lat' dir='ltr'>diri-</span> 
     </span>
     <span class='ocr_line' id='line_1_21' title="bbox 195 1511 1696 1571; baseline -0.003 -15"><span class='ocrx_word' id='word_1_149' title='bbox 195 1512 297 1570; x_wconf 81' lang='lat' dir='ltr'>mit3</span> <span class='ocrx_word' id='word_1_150' title='bbox 330 1512 424 1557; x_wconf 88' lang='lat' dir='ltr'>illic</span> <span class='ocrx_word' id='word_1_151' title='bbox 456 1514 579 1557; x_wconf 88' lang='lat' dir='ltr'>recta</span> <span class='ocrx_word' id='word_1_152' title='bbox 612 1512 803 1571; x_wconf 87' lang='lat' dir='ltr'>gestatio</span> <span class='ocrx_word' id='word_1_153' title='bbox 837 1512 977 1571; x_wconf 86' lang='lat' dir='ltr'>longo</span> <span class='ocrx_word' id='word_1_154' title='bbox 1010 1511 1156 1556; x_wconf 90' lang='lat' dir='ltr'>limite</span> <span class='ocrx_word' id='word_1_155' title='bbox 1182 1526 1318 1569; x_wconf 88' lang='lat' dir='ltr'>super</span> <span class='ocrx_word' id='word_1_156' title='bbox 1339 1511 1454 1556; x_wconf 87' lang='lat' dir='ltr'>litus</span> <span class='ocrx_word' id='word_1_157' title='bbox 1482 1513 1633 1555; x_wconf 83' lang='lat' dir='ltr'>exten-</span> <span class='ocrx_word' id='word_1_158' title='bbox 1659 1523 1696 1551; x_wconf 81' lang='lat'>20</span> 
     </span>
     <span class='ocr_line' id='line_1_22' title="bbox 197 1573 1633 1633; baseline 0 -15"><span class='ocrx_word' id='word_1_159' title='bbox 197 1575 334 1632; x_wconf 90' lang='lat' dir='ltr'>ditur,</span> <span class='ocrx_word' id='word_1_160' title='bbox 379 1575 454 1619; x_wconf 86' lang='lat' dir='ltr'>hic</span> <span class='ocrx_word' id='word_1_161' title='bbox 497 1575 825 1633; x_wconf 89' lang='lat' dir='ltr'>spatiosissimo</span> <span class='ocrx_word' id='word_1_162' title='bbox 868 1577 1001 1632; x_wconf 86' lang='lat' dir='ltr'>xysto</span> <span class='ocrx_word' id='word_1_163' title='bbox 1043 1574 1205 1618; x_wconf 85' lang='lat' dir='ltr'>leniter</span> <span class='ocrx_word' id='word_1_164' title='bbox 1246 1573 1512 1631; x_wconf 83' lang='lat' dir='ltr'>inflectitur3</span> <span class='ocrx_word' id='word_1_165' title='bbox 1554 1574 1633 1618; x_wconf 87' lang='lat' dir='ltr'>illa</span> 
     </span>
     <span class='ocr_line' id='line_1_23' title="bbox 197 1636 1633 1695; baseline -0.001 -14"><span class='ocrx_word' id='word_1_166' title='bbox 197 1637 360 1682; x_wconf 91' lang='lat' dir='ltr'>fluctus</span> <span class='ocrx_word' id='word_1_167' title='bbox 393 1653 487 1681; x_wconf 90' lang='lat' dir='ltr'>non</span> <span class='ocrx_word' id='word_1_168' title='bbox 521 1638 677 1695; x_wconf 86' lang='lat' dir='ltr'>sentit,</span> <span class='ocrx_word' id='word_1_169' title='bbox 708 1637 820 1682; x_wconf 87' lang='lat' dir='ltr'>haec</span> <span class='ocrx_word' id='word_1_170' title='bbox 860 1637 1048 1695; x_wconf 82' lang='lat' dir='ltr'>frangit3</span> <span class='ocrx_word' id='word_1_171' title='bbox 1089 1653 1144 1681; x_wconf 85' lang='lat' dir='ltr'>ex</span> <span class='ocrx_word' id='word_1_172' title='bbox 1182 1637 1262 1681; x_wconf 87' lang='lat' dir='ltr'>illa</span> <span class='ocrx_word' id='word_1_173' title='bbox 1300 1636 1446 1694; x_wconf 87' lang='lat' dir='ltr'>possis</span> <span class='ocrx_word' id='word_1_174' title='bbox 1487 1636 1633 1695; x_wconf 90' lang='lat' dir='ltr'>despi-</span> 
     </span>
     <span class='ocr_line' id='line_1_24' title="bbox 198 1699 1632 1758; baseline 0 -14"><span class='ocrx_word' id='word_1_175' title='bbox 198 1715 294 1744; x_wconf 90' lang='lat' dir='ltr'>cere</span> <span class='ocrx_word' id='word_1_176' title='bbox 327 1701 572 1758; x_wconf 87' lang='lat' dir='ltr'>piscantes,</span> <span class='ocrx_word' id='word_1_177' title='bbox 605 1716 661 1744; x_wconf 87' lang='lat' dir='ltr'>ex</span> <span class='ocrx_word' id='word_1_178' title='bbox 692 1701 778 1745; x_wconf 89' lang='lat' dir='ltr'>hac</span> <span class='ocrx_word' id='word_1_179' title='bbox 810 1700 908 1758; x_wconf 90' lang='lat' dir='ltr'>ipse</span> <span class='ocrx_word' id='word_1_180' title='bbox 947 1699 1113 1757; x_wconf 88' lang='lat' dir='ltr'>piscari</span> <span class='ocrx_word' id='word_1_181' title='bbox 1151 1700 1426 1757; x_wconf 88' lang='lat' dir='ltr'>hamumque</span> <span class='ocrx_word' id='word_1_182' title='bbox 1466 1699 1520 1744; x_wconf 90' lang='lat' dir='ltr'>de</span> <span class='ocrx_word' id='word_1_183' title='bbox 1559 1714 1632 1744; x_wconf 91' lang='lat' dir='ltr'>cu-</span> 
     </span>
     <span class='ocr_line' id='line_1_25' title="bbox 195 1761 1631 1820; baseline -0.001 -13"><span class='ocrx_word' id='word_1_184' title='bbox 195 1763 346 1807; x_wconf 90' lang='lat' dir='ltr'>biculo</span> <span class='ocrx_word' id='word_1_185' title='bbox 382 1777 433 1807; x_wconf 91' lang='lat' dir='ltr'>ac</span> <span class='ocrx_word' id='word_1_186' title='bbox 465 1778 604 1820; x_wconf 89' lang='lat' dir='ltr'>paene</span> <span class='ocrx_word' id='word_1_187' title='bbox 639 1762 774 1807; x_wconf 87' lang='lat' dir='ltr'>etiam</span> <span class='ocrx_word' id='word_1_188' title='bbox 808 1763 862 1807; x_wconf 90' lang='lat' dir='ltr'>de</span> <span class='ocrx_word' id='word_1_189' title='bbox 894 1763 1063 1807; x_wconf 91' lang='lat' dir='ltr'>lectulo</span> <span class='ocrx_word' id='word_1_190' title='bbox 1097 1765 1149 1806; x_wconf 92' lang='lat' dir='ltr'>ut</span> <span class='ocrx_word' id='word_1_191' title='bbox 1182 1778 1205 1806; x_wconf 95' lang='lat' dir='ltr'>e</span> <span class='ocrx_word' id='word_1_192' title='bbox 1235 1762 1444 1806; x_wconf 83' lang='lat' dir='ltr'>navicula</span> <span class='ocrx_word' id='word_1_193' title='bbox 1476 1761 1631 1807; x_wconf 86' lang='lat' dir='ltr'>iacere.</span> 
     </span>
     <span class='ocr_line' id='line_1_26' title="bbox 196 1824 1696 1883; baseline 0 -14"><span class='ocrx_word' id='word_1_194' title='bbox 196 1824 294 1870; x_wconf 88' lang='lat' dir='ltr'>Hae</span> <span class='ocrx_word' id='word_1_195' title='bbox 328 1825 440 1869; x_wconf 89' lang='lat' dir='ltr'>mihi</span> <span class='ocrx_word' id='word_1_196' title='bbox 473 1841 632 1869; x_wconf 87' lang='lat' dir='ltr'>causae</span> <span class='ocrx_word' id='word_1_197' title='bbox 665 1826 863 1883; x_wconf 88' lang='lat' dir='ltr'>utrique,</span> <span class='ocrx_word' id='word_1_198' title='bbox 899 1840 1012 1883; x_wconf 91' lang='lat' dir='ltr'>quae</span> <span class='ocrx_word' id='word_1_199' title='bbox 1053 1824 1234 1882; x_wconf 89' lang='lat' dir='ltr'>desunt,</span> <span class='ocrx_word' id='word_1_200' title='bbox 1274 1824 1534 1869; x_wconf 85' lang='lat' dir='ltr'>adstruendi</span> <span class='ocrx_word' id='word_1_201' title='bbox 1573 1824 1631 1869; x_wconf 91' lang='lat' dir='ltr'>ob</span> <span class='ocrx_word' id='word_1_202' title='bbox 1660 1835 1696 1864; x_wconf 79' lang='lat'>2⁶</span> 
     </span>
    </p>

    <p class='ocr_par' dir='ltr' id='par_1_8' title="bbox 147 1886 1716 2008">
     <span class='ocr_line' id='line_1_27' title="bbox 147 1886 1633 1946; baseline 0 -15"><span class='ocrx_word' id='word_1_203' title='bbox 147 1900 169 1931; x_wconf 82' lang='lat'>5</span> <span class='ocrx_word' id='word_1_204' title='bbox 197 1904 268 1945; x_wconf 88' lang='lat' dir='ltr'>ea,</span> <span class='ocrx_word' id='word_1_205' title='bbox 301 1903 415 1946; x_wconf 89' lang='lat' dir='ltr'>quae</span> <span class='ocrx_word' id='word_1_206' title='bbox 442 1891 694 1945; x_wconf 87' lang='lat' dir='ltr'>supersunt.</span> <span class='ocrx_word' id='word_1_207' title='bbox 761 1886 849 1932; x_wconf 87' lang='lat' dir='ltr'>Sed</span> <span class='ocrx_word' id='word_1_208' title='bbox 877 1888 986 1946; x_wconf 86' lang='lat' dir='ltr'>quid</span> <span class='ocrx_word' id='word_1_209' title='bbox 1013 1903 1096 1946; x_wconf 85' lang='lat' dir='ltr'>ego</span> <span class='ocrx_word' id='word_1_210' title='bbox 1124 1887 1346 1932; x_wconf 88' lang='lat' dir='ltr'>rationem</span> <span class='ocrx_word' id='word_1_211' title='bbox 1373 1886 1485 1932; x_wconf 75' lang='lat' dir='ltr'>tibi?</span> <span class='ocrx_word' id='word_1_212' title='bbox 1513 1887 1633 1946; x_wconf 85' lang='lat' dir='ltr'>apud</span> 
     </span>
     <span class='ocr_line' id='line_1_28' title="bbox 198 1947 1716 2008; baseline 0 -14"><span class='ocrx_word' id='word_1_213' title='bbox 198 1966 331 2008; x_wconf 90' lang='lat' dir='ltr'>quem</span> <span class='ocrx_word' id='word_1_214' title='bbox 364 1966 447 2008; x_wconf 92' lang='lat' dir='ltr'>pro</span> <span class='ocrx_word' id='word_1_215' title='bbox 481 1951 654 1994; x_wconf 85' lang='lat' dir='ltr'>ratione</span> <span class='ocrx_word' id='word_1_216' title='bbox 688 1951 773 1995; x_wconf 88' lang='lat' dir='ltr'>erit</span> <span class='ocrx_word' id='word_1_217' title='bbox 805 1951 923 1995; x_wconf 92' lang='lat' dir='ltr'>idem</span> <span class='ocrx_word' id='word_1_218' title='bbox 956 1950 1114 1995; x_wconf 86' lang='lat' dir='ltr'>facere.</span> <span class='ocrx_word' id='word_1_219' title='bbox 1180 1949 1304 1995; x_wconf 89' lang='lat' dir='ltr'>Vale.</span> <span class='ocrx_word' id='word_1_220' title='bbox 1714 1947 1716 1949; x_wconf 62' lang='grc'><strong>’</strong></span> 
     </span>
    </p>
   </div>
   <div class='ocr_carea' id='block_1_5' title="bbox 538 2067 1294 2190">
    <p class='ocr_par' dir='ltr' id='par_1_9' title="bbox 538 2067 1294 2190">
     <span class='ocr_line' id='line_1_29' title="bbox 855 2067 973 2107; baseline 0 -1"><span class='ocrx_word' id='word_1_221' title='bbox 855 2067 973 2107; x_wconf 83' lang='lat' dir='ltr'><strong>VIII.</strong></span> 
     </span>
     <span class='ocr_line' id='line_1_30' title="bbox 538 2155 1294 2190; baseline 0.001 -2"><span class='ocrx_word' id='word_1_222' title='bbox 538 2155 579 2189; x_wconf 83' lang='lat' dir='ltr'>C.</span> <span class='ocrx_word' id='word_1_223' title='bbox 600 2155 806 2190; x_wconf 86' lang='lat' dir='ltr'>PLINIUS</span> <span class='ocrx_word' id='word_1_224' title='bbox 834 2155 1101 2190; x_wconf 87' lang='lat' dir='ltr'><strong>AUGURINO</strong></span> <span class='ocrx_word' id='word_1_225' title='bbox 1130 2155 1226 2190; x_wconf 85' lang='lat' dir='ltr'>SUO</span> <span class='ocrx_word' id='word_1_226' title='bbox 1255 2155 1294 2189; x_wconf 84' lang='lat' dir='ltr'>S.</span> 
     </span>
    </p>
   </div>
   <div class='ocr_carea' id='block_1_6' title="bbox 151 2237 1716 2381">
    <p class='ocr_par' dir='ltr' id='par_1_10' title="bbox 151 2225 1716 2381">
     <span class='ocr_line' id='line_1_31' title="bbox 151 2237 1696 2296; baseline -0.003 -14"><span class='ocrx_word' id='word_1_227' title='bbox 151 2251 168 2282; x_wconf 86' lang='lat'>1</span> <span class='ocrx_word' id='word_1_228' title='bbox 294 2237 342 2282; x_wconf 79' lang='lat' dir='ltr'>Si</span> <span class='ocrx_word' id='word_1_229' title='bbox 373 2238 583 2283; x_wconf 88' lang='lat' dir='ltr'>laudatus</span> <span class='ocrx_word' id='word_1_230' title='bbox 617 2253 642 2281; x_wconf 89' lang='lat' dir='ltr'>a</span> <span class='ocrx_word' id='word_1_231' title='bbox 669 2240 713 2282; x_wconf 91' lang='lat' dir='ltr'>te</span> <span class='ocrx_word' id='word_1_232' title='bbox 738 2238 922 2283; x_wconf 88' lang='lat' dir='ltr'>laudare</span> <span class='ocrx_word' id='word_1_233' title='bbox 948 2242 993 2282; x_wconf 90' lang='lat' dir='ltr'>te</span> <span class='ocrx_word' id='word_1_234' title='bbox 1021 2253 1231 2296; x_wconf 90' lang='lat' dir='ltr'>coepero,</span> <span class='ocrx_word' id='word_1_235' title='bbox 1257 2252 1430 2295; x_wconf 83' lang='lat' dir='ltr'>vereor,</span> <span class='ocrx_word' id='word_1_236' title='bbox 1457 2253 1514 2282; x_wconf 92' lang='lat' dir='ltr'>ne</span> <span class='ocrx_word' id='word_1_237' title='bbox 1540 2253 1632 2282; x_wconf 92' lang='lat' dir='ltr'>non</span> <span class='ocrx_word' id='word_1_238' title='bbox 1659 2250 1716 2278; x_wconf 79' lang='lat'>³⁰</span> 
     </span>
     <span class='ocr_line' id='line_1_32' title="bbox 199 2300 1716 2359; baseline 0 -15"><span class='ocrx_word' id='word_1_239' title='bbox 199 2304 292 2345; x_wconf 91' lang='lat' dir='ltr'>tam</span> <span class='ocrx_word' id='word_1_240' title='bbox 337 2301 538 2359; x_wconf 85' lang='lat' dir='ltr'>proferre</span> <span class='ocrx_word' id='word_1_241' title='bbox 584 2300 799 2345; x_wconf 88' lang='lat' dir='ltr'>iudicium</span> <span class='ocrx_word' id='word_1_242' title='bbox 852 2317 1003 2345; x_wconf 92' lang='lat' dir='ltr'>meum</span> <span class='ocrx_word' id='word_1_243' title='bbox 1051 2316 1186 2359; x_wconf 89' lang='lat' dir='ltr'>quam</span> <span class='ocrx_word' id='word_1_244' title='bbox 1231 2300 1395 2345; x_wconf 84' lang='lat' dir='ltr'>referre</span> <span class='ocrx_word' id='word_1_245' title='bbox 1441 2300 1631 2359; x_wconf 85' lang='lat' dir='ltr'>gratiam</span> <span class='ocrx_word' id='word_1_246' title='bbox 1712 2318 1716 2354; x_wconf 75' lang='grc' dir='ltr'>ι]</span> 
     </span>
     <span class='ocr_line' id='line_1_33' title="bbox 1711 2365 1716 2381; baseline 0 0"><span class='ocrx_word' id='word_1_247' title='bbox 1711 2365 1716 2381; x_wconf 86' lang='grc'>1</span> 
     </span>
    </p>
   </div>
   <div class='ocr_carea' id='block_1_7' title="bbox 202 2377 351 2380">
    <p class='ocr_par' dir='ltr' id='par_1_11' title="bbox 202 2377 351 2380">
     <span class='ocr_line' id='line_1_34' title="bbox 202 2377 351 2380; baseline 0 0"><span class='ocrx_word' id='word_1_248' title='bbox 202 2377 351 2380; x_wconf 95' lang='lat' dir='ltr'> </span> 
     </span>
    </p>
   </div>
   <div class='ocr_carea' id='block_1_8' title="bbox 353 2378 503 2382">
    <p class='ocr_par' dir='ltr' id='par_1_12' title="bbox 353 2378 503 2382">
     <span class='ocr_line' id='line_1_35' title="bbox 353 2378 503 2382; baseline 0 0"><span class='ocrx_word' id='word_1_249' title='bbox 353 2378 503 2382; x_wconf 95' lang='lat' dir='ltr'> </span> 
     </span>
    </p>
   </div>
   <div class='ocr_carea' id='block_1_9' title="bbox 200 2398 1716 2572">
    <p class='ocr_par' dir='ltr' id='par_1_13' title="bbox 200 2398 1716 2572">
     <span class='ocr_line' id='line_1_36' title="bbox 301 2398 1716 2472; baseline 0.001 -12"><span class='ocrx_word' id='word_1_250' title='bbox 301 2428 320 2460; x_wconf 93' lang='grc'>1</span> <span class='ocrx_word' id='word_1_251' title='bbox 357 2423 525 2460; x_wconf 87' lang='lat' dir='ltr'>adsidua</span> <span class='ocrx_word' id='word_1_252' title='bbox 558 2425 641 2460; x_wconf 85' lang='lat' dir='ltr'>tam</span> <span class='ocrx_word' id='word_1_253' title='bbox 678 2423 963 2460; x_wconf 86' lang='lat' dir='ltr'>insatiabiliter</span> <span class='ocrx_word' id='word_1_254' title='bbox 995 2424 1116 2470; x_wconf 65' lang='lat' dir='ltr'>codd„</span> <span class='ocrx_word' id='word_1_255' title='bbox 1152 2423 1267 2472; x_wconf 66' lang='lat' dir='ltr'>vulo„</span> <span class='ocrx_word' id='word_1_256' title='bbox 1303 2422 1468 2460; x_wconf 83' lang='lat' dir='ltr'>adsidue</span> <span class='ocrx_word' id='word_1_257' title='bbox 1501 2424 1529 2460; x_wconf 91' lang='lat' dir='ltr'>t.</span> <span class='ocrx_word' id='word_1_258' title='bbox 1557 2423 1630 2461; x_wconf 89' lang='lat' dir='ltr'>ins.</span> <span class='ocrx_word' id='word_1_259' title='bbox 1708 2398 1716 2472; x_wconf 91' lang='grc' dir='ltr'>Ξ</span> 
     </span>
     <span class='ocr_line' id='line_1_37' title="bbox 200 2472 1716 2520; baseline 0.001 -10"><span class='ocrx_word' id='word_1_260' title='bbox 200 2473 402 2519; x_wconf 82' lang='lat' dir='ltr'>Schaefer.,</span> <span class='ocrx_word' id='word_1_261' title='bbox 424 2474 658 2510; x_wconf 81' lang='lat' dir='ltr'>adsituitate</span> <span class='ocrx_word' id='word_1_262' title='bbox 677 2475 760 2510; x_wconf 90' lang='lat' dir='ltr'>tam</span> <span class='ocrx_word' id='word_1_263' title='bbox 782 2473 1003 2510; x_wconf 84' lang='lat' dir='ltr'>insatiabili</span> <span class='ocrx_word' id='word_1_264' title='bbox 1024 2474 1174 2520; x_wconf 68' lang='lat' dir='ltr'>Madv„</span> <span class='ocrx_word' id='word_1_265' title='bbox 1196 2473 1329 2510; x_wconf 79' lang='lat' dir='ltr'>Muell.</span> <span class='ocrx_word' id='word_1_266' title='bbox 1423 2477 1467 2510; x_wconf 85' lang='lat'>21</span> <span class='ocrx_word' id='word_1_267' title='bbox 1490 2472 1633 2510; x_wconf 89' lang='lat' dir='ltr'>leniter</span> <span class='ocrx_word' id='word_1_268' title='bbox 1710 2484 1716 2511; x_wconf 76' lang='grc' dir='ltr'>ι</span> 
     </span>
     <span class='ocr_line' id='line_1_38' title="bbox 201 2523 1716 2572; baseline 0.001 -11"><span class='ocrx_word' id='word_1_269' title='bbox 201 2525 393 2569; x_wconf 71' lang='lat' dir='ltr'>Momm-3„</span> <span class='ocrx_word' id='word_1_270' title='bbox 421 2524 472 2560; x_wconf 89' lang='lat' dir='ltr'>K.</span> <span class='ocrx_word' id='word_1_271' title='bbox 488 2525 561 2570; x_wconf 79' lang='lat' dir='ltr'>IL,</span> <span class='ocrx_word' id='word_1_272' title='bbox 591 2525 741 2570; x_wconf 72' lang='lat' dir='ltr'>Muezl„</span> <span class='ocrx_word' id='word_1_273' title='bbox 768 2524 907 2562; x_wconf 87' lang='lat' dir='ltr'>leviter</span> <span class='ocrx_word' id='word_1_274' title='bbox 932 2525 1033 2572; x_wconf 75' lang='lat' dir='ltr'><strong><em>vuly.</em></strong></span> <span class='ocrx_word' id='word_1_275' title='bbox 1165 2527 1210 2560; x_wconf 80' lang='lat'>27</span> <span class='ocrx_word' id='word_1_276' title='bbox 1239 2523 1287 2569; x_wconf 80' lang='lat' dir='ltr'>cf.</span> <span class='ocrx_word' id='word_1_277' title='bbox 1309 2524 1444 2561; x_wconf 75' lang='lat' dir='ltr'>Iuven.</span> <span class='ocrx_word' id='word_1_278' title='bbox 1467 2523 1529 2561; x_wconf 90' lang='lat' dir='ltr'>VI</span> <span class='ocrx_word' id='word_1_279' title='bbox 1544 2526 1630 2562; x_wconf 81' lang='lat'><strong><em>223.</em></strong></span> <span class='ocrx_word' id='word_1_280' title='bbox 1708 2546 1716 2553; x_wconf 94' lang='lat'>-</span> 
     </span>
    </p>
   </div>
  </div>
 </body>
</html>
