1716 2742
8 849 46 876 10

6 1166 43 1194 15

5 1484 42 1511 20

502 146 870 184 EPISTULARUM
897 146 969 183 VII
997 151 1032 193 5,
1061 151 1094 183 6.
1278 140 1282 146 ’
1431 149 1518 195 181

74 249 248 308 cretum
274 262 566 322 provinciae?
637 261 814 307 Rursus
850 263 947 308 ille:
985 263 1163 308 ‘Potest
1195 262 1280 307 tibi
1318 262 1522 320 liquere?
1550 276 1571 309 5

73 324 146 371 Ad
178 325 268 372 hoc
301 341 406 386 ego:
442 325 516 371 ‘Si
542 325 628 370 tibi
661 341 716 371 ex
744 325 932 391 (Ιὶῑτθι-ιεοἱ
949 326 1114 386 liquet,
1148 328 1302 385 potest
1329 329 1374 371 et
1408 327 1522 371 mihi

73 387 219 450 (quod
245 391 314 435 est
341 389 431 435 mei
457 387 589 448 iuris)
617 405 754 435 causa
779 389 984 447 liquere.'
1037 389 1154 434 Tum
1181 390 1359 450 legatus
1387 389 1521 448 Poly·
1550 402 1571 434 6

72 467 212 498 aenus
246 467 404 499 causas
438 453 634 498 abolitae
668 453 970 498 accusationis
1005 453 1219 512 exposuit
1251 454 1521 512 postulavit·

75 531 178 575 que,
196 531 254 561 ne
274 516 530 576 cognitioni
549 515 751 561 Caesaris
772 516 1102 574 praeiudicium
1130 517 1269 561 fieret.
1318 515 1522 575 Respon-

71 579 139 624 dit
157 578 354 640 Magnus
382 580 638 638 iterumque
666 579 935 638 Polyaenus.
990 579 1094 639 Ipse
1122 595 1223 624 raro
1253 583 1299 624 et
1325 580 1522 625 breviter

70 643 373 688 interlocutus
407 644 604 688 multum
639 659 712 688 me
739 644 861 688 intra
889 644 1122 689 silentium
1150 643 1289 688 tenui.
1351 643 1521 702 Accepi

70 707 192 752 enim
223 722 319 752 non
351 707 502 752 minus
536 706 765 752 interdum
800 707 1050 751 oratorium
1079 723 1175 752 esse
1209 710 1356 752 tacere
1385 722 1522 765 quam

70 770 220 816 dicere
254 772 390 831 atque
424 770 536 815 adeo
563 773 720 828 repeto
751 786 822 815 me
852 770 1124 828 quibusdam
1150 771 1311 828 capitis
1339 771 1427 815 reis
1448 771 1522 815 vel

71 833 218 894 magis
259 833 442 879 silentio
484 850 621 892 quam
663 834 868 879 oratione
909 834 1250 879 accuratissima
1282 834 1520 892 profuisse.

164 896 313 942 Mater
344 897 510 942 amisso
544 897 641 942 filio
675 896 807 958 (quid
835 898 955 942 enim
983 897 1218 956 prohibet,
1245 913 1520 955 quamquam

70 960 160 1005 alia
190 960 309 1005 ratio
344 959 607 1006 scribendae
642 961 863 1019 epistulae
897 961 1058 1018 fuerit,
1091 961 1145 1005 de
1179 960 1340 1005 studiis
1370 961 1521 1019 dispu-

68 1021 217 1084 tare‘?)
255 1023 447 1069 libertos
481 1024 578 1069 eius
612 1024 885 1082 eosdemque
920 1024 1163 1069 coheredes
1199 1040 1304 1069 suos
1339 1024 1443 1068 falsi
1477 1026 1522 1068 et

68 1087 277 1133 veneficii
308 1102 410 1132 reos
445 1087 668 1132 detulerat
695 1087 751 1132 ad
778 1087 1031 1146 principem
1065 1088 1351 1145 iudicemque
1384 1088 1522 1145 impe-

69 1153 270 1196 traverat
307 1149 477 1195 Iulium
519 1149 801 1196 Servianum.
867 1151 1171 1196 Defenderam
1211 1167 1312 1195 reos
1347 1150 1523 1211 ingenti

69 1213 253 1272 quidem
300 1217 452 1272 coetu3
499 1217 596 1259 erat
642 1214 763 1259 enim
811 1230 947 1260 causa
985 1215 1245 1272 notissima,
1291 1217 1523 1272 praeterea

68 1277 298 1336 utrimque
325 1277 509 1337 ingenia
541 1278 803 1323 clarissima.
845 1277 1004 1323 Finem
1032 1278 1286 1337 cognitioni
1315 1277 1520 1336 quaestio

67 1341 307 1400 imposuit3
350 1357 466 1400 quae
509 1341 758 1387 secundum
802 1357 903 1386 reos
947 1341 1082 1386 dedit.
1167 1341 1334 1385 Postea
1378 1343 1523 1385 mater

69 1403 182 1449 adiit
221 1403 495 1463 principem,
544 1405 803 1449 adfirmavit
844 1411 890 1449 se
932 1420 1075 1449 novas
1119 1404 1411 1463 probationes
1455 1404 1522 1448 in-

68 1468 258 1513 venisse.
311 1467 612 1527 Praeceptum
648 1471 717 1513 est
750 1467 1011 1525 Suburano,
1043 1471 1096 1512 ut
1128 1470 1310 1512 vacaret
1343 1468 1520 1512 finitam

69 1546 252 1576 causam
279 1533 565 1590 retractanti,
593 1532 631 1576 si
666 1532 774 1590 quid
803 1531 912 1576 novi
940 1531 1146 1575 adferret.
1187 1529 1360 1575 Aderat
1386 1531 1522 1575 matri

67 1593 211 1639 Iulius
246 1594 511 1652 Africanus,
538 1611 682 1654 nepos
710 1595 833 1639 illius
863 1594 1080 1652 oratoris,
1108 1610 1198 1652 quo
1227 1595 1383 1639 audito
1411 1593 1521 1638 Pas-

68 1658 220 1703 sienus
255 1656 443 1717 Crispus
482 1659 616 1703 dixit:
664 1659 808 1702 ‘Bene
846 1658 1122 1716 mehercule,
1148 1658 1283 1716 bene3
1317 1658 1394 1702 sed
1430 1673 1520 1716 quo

66 1724 162 1766 tam
182 1721 298 1766 bene
311 1720 359 1766 *Γ
397 1721 547 1766 Huius
575 1737 730 1780 nepos,
764 1721 941 1765 iuvenis
969 1722 1248 1780 ingeniosus,
1276 1722 1355 1766 sed
1381 1722 1520 1766 homo

66 1800 228 1843 parum
250 1785 454 1843 callidus,
483 1801 586 1830 cum
614 1786 759 1829 multa
786 1785 976 1829 dixisset
1003 1785 1383 1844 adsignatumque
1410 1788 1521 1829 tem-

66 1863 154 1906 pus
174 1848 429 1906 implesset,
457 1848 469 1867 ³
482 1847 636 1907 Rogo'
657 1848 826 1905 inquit,
849 1846 1125 1906 tSuburane,
1146 1849 1387 1906 permittas
1407 1848 1521 1892 mihi

66 1926 210 1955 unum
246 1926 428 1955 versum
463 1911 668 1956 adicere?
741 1910 858 1955 Tum
894 1927 999 1971 ego,
1033 1927 1135 1956 cum
1171 1927 1328 1956 omnes
1362 1927 1435 1956 me
1469 1914 1520 1955 ut

170 2047 218 2084 3*
246 2047 353 2095 quod
375 2048 437 2085 est
455 2047 598 2084 melius
619 2046 784 2094 liquere.
827 2047 928 2084 Tum
949 2048 1026 2097 leg.
1049 2050 1103 2086 K.
1125 2061 1171 2086 επ
1194 2050 1246 2086 M
1253 2062 1296 2094 α,
1326 2049 1431 2095 quod
1459 2050 1519 2085 est

66 2098 209 2135 melius
237 2098 286 2145 (si
307 2098 398 2135 add.
421 2099 457 2145 ς)
487 2109 606 2135 eausa
633 2098 806 2144 liqueret
833 2098 1033 2146 (loquetur
1051 2101 1086 2147 r)
1115 2099 1191 2147 leg.
1220 2100 1262 2137 D
1268 2111 1299 2147 p
1310 2108 1383 2145 νς,
1411 2099 1519 2146 quod

66 2151 128 2187 est
154 2149 298 2187 melius
324 2149 367 2185 in
395 2160 515 2185 causa
542 2148 706 2195 liquere.
753 2149 854 2186 Tum
882 2149 959 2199 leg.
982 2151 1172 2195 Sichard„
1199 2151 1224 2197 †
1251 2150 1342 2187 add.
1366 2150 1519 2195 Muell„

67 2200 191 2248 (quod
218 2200 280 2237 est
306 2200 387 2238 mei
414 2199 528 2245 iuris)
563 2211 684 2236 causa
716 2199 870 2247 liquere
897 2213 975 2249 eqo,
1009 2201 1058 2247 cf.
1081 2202 1133 2238 ΙΙ
1150 2204 1185 2247 6,
1212 2204 1259 2247 2;
1287 2201 1364 2238 111
1385 2203 1449 2246 21,
1473 2204 1497 2238 3
1506 2215 1519 2245 ,-

77 2252 113 2288 V
127 2254 163 2298 7,
184 2255 231 2297 4,-
259 2251 343 2288 VH
358 2253 420 2296 30,
441 2253 465 2288 3
473 2265 487 2296 ,·
508 2250 561 2287 ad
585 2251 691 2287 Trai.
715 2254 761 2288 31
786 2253 886 2298 (40),
909 2256 953 2297 1,·
973 2254 1021 2289 75
1044 2254 1146 2299 (79),
1165 2255 1213 2297 2,·
1235 2254 1310 2288 108
1330 2253 1457 2298 (109),
1477 2255 1519 2296 1,-

67 2301 174 2340 Caes.
198 2302 231 2339 b.
257 2301 361 2338 Gall.
386 2302 467 2339 VII
491 2305 552 2338 77.
694 2304 716 2338 8
744 2303 791 2346 cf.
825 2302 901 2339 Cic.
930 2303 983 2339 ad
1009 2303 1092 2340 Att.
1122 2303 1243 2339 XIII
1266 2305 1328 2347 42,
1358 2305 1403 2347 1,-
1432 2301 1519 2339 Otto

67 2352 251 2400 Sprichw.
275 2364 317 2400 p.
341 2355 418 2389 338
443 2363 496 2399 sq.
645 2355 691 2388 21
721 2353 967 2389 retractandi
995 2353 1037 2390 D
1046 2365 1114 2400 pr.
1267 2356 1315 2389 24
1343 2352 1413 2389 sed
1439 2364 1519 2389 non

65 2414 210 2450 pamm
236 2403 359 2449 codd„
394 2404 434 2440 et
469 2414 547 2439 non
574 2415 612 2449 p.
635 2411 709 2448 νς,
743 2403 812 2440 sed
839 2415 876 2450 p.
901 2403 1055 2449 (latam,
1089 2403 1159 2440 sed
1193 2403 1311 2440 homo
1346 2404 1419 2451 (vel
1444 2415 1518 2439 usu

65 2454 124 2491 vel
149 2454 268 2491 modo
289 2455 383 2500 non)
411 2464 553 2500 parum
574 2453 725 2502 Stanyl.
831 2458 878 2491 27
905 2466 1062 2491 versum
1084 2454 1126 2491 D
1131 2466 1163 2501 p
1174 2467 1217 2499 α,
1243 2454 1343 2499 Otto,
1364 2454 1517 2499 Muell„

66 2503 229 2541 verbum
258 2505 305 2540 M
312 2518 334 2542 r
345 2513 386 2549 ς,
421 2505 488 2549 Κ,
522 2504 671 2552 διαπρῐ,
702 2526 748 2530 -
784 2505 947 2553 negavit
980 2504 1047 2542 ille
1081 2506 1140 2542 vel
1172 2506 1298 2542 simile
1331 2505 1518 2552 quiddam

63 2560 151 2602 post
178 2555 336 2592 adicere
364 2555 550 2593 excidisse
572 2559 690 2602 putat
717 2556 896 2592 Momms.

1551 654 1572 688 7

1550 1161 1572 1194 9

1551 1351 1598 1385 10

1551 1542 1594 1574 11

1549 1921 1594 1955 12
