1716 2742
195 111 286 156 350
804 106 842 144 C.
864 107 1001 144 PLINI

191 225 321 269 illum
354 225 478 280 volo,
512 223 590 280 qui
619 221 851 267 Caesarem
887 222 1066 267 fortiter
1103 222 1251 266 amat?
1312 221 1486 267 Eodem
1520 222 1619 267 foro

192 289 382 332 utuntur
431 286 711 344 principatus
764 287 810 330 et
859 285 1064 343 libertas3
1107 300 1220 343 quae
1259 285 1500 343 praecipua
1541 287 1621 330 tua

192 350 337 409 gloria
375 351 461 405 est,
505 348 681 406 saepius
721 348 919 392 vincitur
959 348 1116 405 fiscus,
1157 347 1284 393 cuius
1325 348 1446 392 mala
1486 363 1621 394 causa

141 425 162 457 5
190 427 438 469 numquam
471 413 539 456 est
570 411 660 455 nisi
693 411 777 455 sub
809 411 930 456 bono
964 411 1179 469 principe.
1225 409 1391 470 Ingens
1416 411 1505 456 hoc
1531 426 1621 455 me-

190 475 348 530 ritum,
386 474 531 519 maius
564 473 697 532 illud,
737 474 856 531 quod
900 488 975 518 eos
1014 476 1328 531 procuratores
1369 473 1529 532 habes,
1569 476 1621 518 ut
1647 486 1664 515 5

189 538 455 596 plerumque
482 537 601 582 cives
628 537 697 581 tui
722 552 815 581 non
842 537 954 581 alios
982 536 1150 581 iudices
1173 537 1343 581 malint.
1407 535 1620 582 Liberum

190 602 258 646 est
290 603 440 645 autem
474 600 724 645 discrimini
757 615 837 645 suo
876 600 1027 644 locum
1066 598 1243 659 eligere.
1307 598 1466 658 Neque
1500 599 1619 644 enim

188 664 328 708 ullam
362 662 675 708 necessitatem
710 663 970 707 muneribus
1003 662 1094 706 tuis
1128 662 1274 720 addis,
1306 664 1359 706 ut
1391 662 1470 720 qui
1505 662 1620 707 scias

188 726 306 771 hanc
338 741 434 771 esse
465 725 786 771 beneficiorum
819 725 1138 784 principalium
1172 741 1413 784 summam,
1452 725 1491 770 si
1529 725 1620 770 illis

189 792 234 834 et
264 804 359 834 non
390 789 458 833 uti
488 788 606 833 licet.
1647 801 1683 829 10

113 849 174 897 37
284 851 432 897 Onera
471 851 652 910 imperii
691 852 906 910 pleraque
945 850 1185 911 vectigalia
1224 851 1402 896 institui
1443 853 1495 896 ut
1536 866 1620 910 pro

187 915 385 960 utilitate
411 915 642 959 communi
661 914 725 958 ita
745 914 1028 973 singulorum
1048 929 1146 959 cam
1166 914 1342 959 iniuriis
1364 916 1618 973 coegerunt.

187 977 272 1023 His
306 978 519 1023 vicesima
550 980 728 1036 reperta
761 980 846 1034 est,
878 977 1100 1022 tributum
1138 976 1373 1022 tolerabile
1413 979 1458 1022 et
1489 976 1620 1022 facile

137 1053 158 1086 2
192 1041 431 1086 heredibus
459 1040 694 1086 dumtaxat
718 1039 955 1099 extraneis,
981 1040 1236 1085 domesticis
1264 1055 1412 1100 grave.
1462 1038 1621 1098 Itaque

187 1104 278 1149 illis
311 1104 562 1164 irrogatum
596 1106 680 1162 est,
713 1104 784 1148 his
811 1104 1070 1161 remissum,
1095 1103 1303 1148 videlicet
1330 1102 1448 1161 quod
1480 1103 1621 1147 mani—
1647 1121 1684 1150 ιε

186 1167 352 1212 festum
386 1169 500 1225 erat,
534 1169 702 1225 quanto
737 1182 840 1212 cum
873 1166 1028 1211 dolore
1060 1167 1197 1211 laturi
1230 1181 1310 1211 seu
1341 1166 1494 1224 potius
1527 1181 1621 1210 non

186 1230 324 1275 laturi
356 1230 560 1275 homines
595 1232 743 1275 essent
775 1230 994 1289 destringi
1025 1229 1196 1287 aliquid
1223 1231 1268 1274 et
1294 1229 1450 1273 abradi
1475 1228 1619 1287 bonis,

188 1309 302 1351 quae
335 1290 571 1352 sanguine,
604 1292 876 1352 gentilitate,
918 1308 1146 1337 sacrorum
1181 1292 1373 1351 denique
1407 1292 1621 1337 societate

187 1356 474 1414 meruissent,
507 1371 711 1414 quaeque
749 1371 997 1413 numquam
1036 1358 1088 1400 ut
1128 1356 1274 1399 aliena
1312 1357 1358 1400 et
1389 1354 1622 1414 speranda,

187 1420 264 1464 sed
308 1422 357 1464 ut
395 1435 476 1464 sua
516 1434 781 1477 semperque
820 1434 1028 1477 possessa
1073 1433 1124 1463 ac
1164 1418 1372 1476 deinceps
1411 1418 1619 1476 proximo
1646 1437 1684 1464 2⁰

137 1493 158 1527 3
187 1483 349 1540 cuique
375 1482 723 1527 transmittenda
750 1481 984 1540 cepissent.
1031 1480 1157 1526 Haec
1182 1481 1479 1527 mansuetudo
1505 1481 1620 1542 legis

186 1545 412 1590 veteribus
447 1545 620 1590 civibus
655 1545 935 1590 servabatur:
968 1545 1093 1603 novi,
1128 1559 1207 1589 seu
1245 1560 1326 1602 per
1357 1543 1539 1588 Latium
1573 1544 1621 1588 in

187 1608 415 1654 civitatem
449 1623 527 1653 seu
561 1608 781 1653 beneficio
815 1608 1033 1666 principis
1067 1607 1315 1666 venissent,
1355 1607 1445 1652 nisi
1484 1607 1621 1652 simul

187 1671 470 1730 cognationis
511 1672 610 1716 iura
648 1672 987 1730 impetrassent,
1025 1670 1288 1716 alienissimi
1326 1669 1621 1728 habebantur,

136 1748 159 1781 4
187 1735 350 1793 quibus
377 1734 736 1780 coniunctissimi
762 1734 952 1779 fuerant.
986 1734 1056 1778 Ita
1082 1734 1328 1778 maximum
1349 1733 1620 1778 beneficium
1645 1750 1682 1779 2⁵
1712 1766 1716 1770 -

186 1797 445 1843 vertebatur
476 1798 524 1842 in
551 1797 863 1857 gravissimam
889 1797 1113 1854 iniuriam,
1140 1796 1389 1855 civitasque
1416 1795 1621 1840 Romana

186 1861 328 1905 instar
354 1863 450 1905 erat
476 1860 569 1905 odii
594 1863 639 1905 et
665 1861 914 1905 discordiae
941 1862 986 1905 et
1013 1860 1233 1917 orbitatis,
1260 1874 1363 1904 cum
1391 1858 1621 1904 carissima

136 1937 158 1970 5
185 1924 376 1984 pignora
409 1924 532 1970 salva
558 1924 760 1981 ipsorum
787 1924 954 1982 pietate
981 1922 1261 1968 distraheret.
1327 1921 1620 1967 Invenieban-

184 1990 260 2031 tur
291 1990 463 2045 tamen,
496 1987 659 2045 quibus
693 1990 847 2032 tantus
881 2002 1008 2031 amor
1039 1986 1236 2031 nominis
1268 1985 1415 2030 nostri
1440 1985 1620 2043 inesset,

288 2102 307 2135 1
329 2097 419 2135 nolo
434 2099 579 2135 BVra
593 2102 627 2135 et
641 2098 790 2135 Susteri
805 2099 858 2136 M
865 2097 879 2118 ²
890 2098 929 2136 R
946 2097 1000 2135 V¹
1017 2097 1084 2144 17⁸,
1100 2097 1255 2144 Sauppe
1271 2097 1372 2134 Phil.
1389 2096 1520 2134 XXX
1533 2099 1620 2143 136,

186 2149 287 2187 Sust.
311 2169 358 2175 —
380 2149 474 2195 quia
501 2148 555 2184 B'
569 2148 643 2186 00
670 2153 706 2186 et
732 2149 842 2185 Keili
867 2149 917 2193 B,
946 2149 998 2185 K.
1015 2149 1049 2194 I,
1078 2148 1215 2185 Muell.
1319 2150 1341 2184 2
1370 2158 1472 2194 quae
1498 2147 1618 2193 codd,

187 2200 239 2236 K.
255 2200 291 2245 I,
311 2199 427 2245 Susa,
454 2198 696 2249 quae<que)
719 2199 841 2246 Lips„
870 2199 922 2235 K.
938 2199 998 2244 ΙΙ,
1025 2199 1182 2244 ΒαεῙιν.,
1210 2197 1348 2235 Muell.
1453 2200 1474 2234 3
1501 2208 1618 2244 saepe

186 2249 323 2297 Stanyl
349 2261 367 2286 e
395 2249 505 2286 Keizi
530 2250 616 2286 Ad.
741 2253 760 2286 7
791 2248 1010 2285 discrimini
1039 2260 1108 2285 suo
1135 2248 1265 2285 locum
1292 2247 1439 2296 eligere
1467 2248 1617 2294 Madv„

189 2300 338 2346 Maell„
374 2299 612 2336 discriminis
647 2299 755 2336 ‘nolo
790 2299 891 2347 (volo
925 2299 1032 2336 BB'
1050 2299 1162 2346 VW)
1197 2310 1286 2335 eum
1321 2297 1486 2346 eligere'
1515 2298 1616 2346 vulg.

188 2354 233 2386 12
269 2350 327 2386 ita
362 2349 507 2399 (sine)
543 2350 643 2398 sing.
672 2350 788 2386 iniur.
817 2349 968 2395 Madv„
1004 2350 1153 2395 Muell„
1188 2349 1288 2397 sing.
1316 2347 1467 2398 (cum)
1500 2348 1616 2385 iniur.

187 2401 327 2437 Baehr.
364 2422 413 2427 —
454 2402 639 2450 cogerent
676 2400 739 2437 his
774 2401 832 2437 vel
872 2401 1105 2447 cogerentur
1143 2400 1205 2436 his
1245 2399 1364 2445 codd„
1405 2399 1618 2447 coegerunt

188 2452 363 2498 (coegere
388 2451 557 2497 Eadm).
600 2450 671 2487 His
700 2450 758 2498 (In
777 2450 839 2487 his
862 2451 913 2487 K.
929 2451 992 2498 II)
1015 2450 1111 2496 Cat„
1133 2451 1185 2487 K.
1201 2451 1260 2496 II,
1282 2449 1438 2495 Baehr.,
1467 2449 1616 2495 Muell„

187 2512 220 2536 v.
242 2501 388 2537 Bao-kh.
407 2513 447 2547 p.
473 2504 557 2547 174,
586 2512 759 2549 coegere.
813 2501 919 2538 Inter
945 2501 1024 2537 ista
1050 2499 1230 2539 Schnelle.
