1630 2678
422 129 780 168 EPISTULARUM
804 130 840 167 11
867 134 925 175 13,
954 134 1010 167 14.
1356 132 1415 175 47

0 244 199 302 eimib,
245 243 455 289 conducti
504 246 549 287 et
602 244 838 300 redempti;
901 258 1107 300 manceps
1158 242 1419 286 convenitur

10 306 57 352 111
87 305 236 351 media
266 305 466 350 basilica:
504 309 596 349 tam
628 306 776 374 palam
816 305 1041 373 sportulae
1086 319 1219 360 quam
1257 304 1306 347 in
1341 304 1418 348 tri·

9 366 148 413 ditio
171 366 351 423 dantu13
370 381 425 411 ex
450 366 646 411 iudicio
634 382 680 410 m
700 366 911 410 iudicium
933 366 1029 423 pari
1056 366 1252 409 mercede
1277 368 1418 408 trans-

0 428 115 475 iiiut.
186 427 296 473 Inde
345 427 434 472 iam
483 442 576 472 non
630 428 845 471 inurbane
896 430 1155 484 Σοφοκλεῑς
1203 433 1420 471 vocantur

11 488 123 550 [ἀπὸ
153 495 238 535 τοῦ
269 496 426 546 σοφῶς
449 489 527 534 καὶ
544 493 625 533 καλ
631 488 823 546 εῖσθαι];
855 489 995 532 isdem
1022 488 1231 532 Latinum
1256 503 1419 532 nomen

9 551 271 609 impositum
310 554 379 595 est
410 550 692 595 ‘Laudicenifl
756 550 817 594 Et
853 553 1003 594 tamen
1042 550 1200 594 crescit
1237 550 1284 593 in
1324 549 1418 594 dies

10 612 199 659 foeditas
237 615 426 669 utraque
461 613 617 670 lingua
652 614 816 656 notata.
885 611 1004 655 Here
1043 612 1130 655 duo
1169 611 1418 655 nomencla-

10 676 131 719 toru
152 674 243 718 mei
266 673 455 732 (habent
478 688 582 718 sane
608 676 796 717 aetatem
823 688 995 729 eorum,
1021 673 1099 729 qui
1123 688 1265 730 nuper
1290 679 1418 730 togas

11 733 315 793 sumpserunt)
346 735 483 780 ternis
515 734 705 779 denariis
738 735 793 778 ad
823 734 1094 778 laudandum
1120 734 1419 777 trahebantur.

11 795 145 841 'fanti
175 799 367 853 constat,
398 799 450 840 ut
480 797 541 840 sis
572 796 900 840 disertissimus.
962 795 1063 840 Hoc
1094 796 1236 852 pretio
1270 811 1420 851 quam-

9 857 123 905 libet
151 873 388 903 numerosa
418 858 630 902 subsellia
660 858 919 915 implentur,
950 857 1037 901 hoc
1067 857 1224 915 ingens
1258 871 1420 900 corona

13 919 258 978 colligitur,
284 919 370 964 hoc
388 919 553 963 infiniti
578 919 792 964 clamores
819 922 1174 988 commoventur,
1205 933 1304 962 cum
1332 933 1419 961 me-

11 981 226 1026 sochorus
269 980 393 1025 dedit
437 981 627 1039 signum.
691 979 814 1038 Opus
860 983 927 1024 est
971 980 1088 1024 enim
1131 981 1259 1038 signo
1301 980 1418 1036 apud

9 1057 104 1087 non
139 1042 468 1100 intellegentes,
498 1058 554 1085 ne
586 1041 814 1085 audientes
847 1041 1046 1098 quidem3
1083 1057 1187 1084 nam
1219 1042 1418 1098 plerique

9 1117 104 1148 non
127 1103 332 1160 andiunt,
362 1118 445 1148 nec
469 1104 551 1148 ulli
577 1103 718 1161 magis
743 1103 937 1147 laudant.
1002 1102 1050 1147 Si
1077 1103 1253 1159 quando
1279 1106 1419 1145 trans-

10 1164 96 1209 ibis
134 1179 215 1222 per
250 1164 478 1210 basilicam
518 1168 563 1209 et
600 1166 721 1208 voles
761 1165 891 1221 scire,
930 1179 1019 1221 quo
1059 1164 1192 1208 modo
1231 1164 1419 1220 quisque

11 1225 148 1283 dicat,
186 1225 300 1270 nihil
331 1229 419 1283 est,
456 1225 575 1282 quod
620 1227 816 1270 tribunal
857 1225 1084 1282 ascendas,
1125 1225 1259 1280 nihil,
1301 1225 1421 1294 quod

11 1287 221 1345 praebeas
258 1302 430 1341 aurem3
466 1287 609 1331 facilis
654 1287 889 1331 divinatio:
935 1287 1045 1331 scito
1091 1302 1192 1331 eum
1230 1287 1420 1343 pessime

12 1349 176 1405 dicere,
207 1349 285 1406 qui
314 1349 568 1393 laudabitur
599 1349 799 1393 maxime.
863 1348 1038 1392 Primus
1069 1348 1189 1392 hunc
1215 1347 1421 1391 audiendi

11 1425 181 1455 morem
211 1410 388 1455 induxit
427 1410 608 1455 Larcius
649 1410 864 1467 Licinius,
909 1410 1121 1454 hactenus
1163 1412 1331 1465 tamen,
1371 1411 1422 1452 ut

0 1471 236 1518 ¹ntulit-ores
279 1475 544 1531 corrogaret.
612 1471 682 1516 Ita
719 1475 835 1516 certe
874 1487 927 1515 ex
968 1471 1261 1526 Quintiliano,
1298 1485 1420 1527 prae-

0 1535 190 1590 captore
227 1548 348 1589 meo,
383 1534 557 1578 audisse
589 1534 781 1577 memini.
843 1532 1065 1576 Narrabat
1095 1533 1188 1576 ille:
1239 1531 1422 1576 ‘Adsec-

10 1594 140 1639 tabar
163 1593 410 1639 Domitium
436 1594 607 1639 Afrum.
648 1593 758 1638 Cum
792 1594 908 1651 apud
935 1593 1231 1638 centumviros
1258 1594 1422 1638 diceret

0 1654 1421 1775 ἶἕὲῗιῖῗῗζίζέἒέιῖοἯὲἓοῗίἶέῗωῇᾒεὲῧᾞξηὲθὲιὲἓὲἕέἕξῒ

12 1776 271 1823 Admiratus
302 1779 491 1823 reticuit.
548 1778 638 1822 Ubi
670 1778 895 1822 silentium
920 1778 1087 1822 factum
1120 1781 1203 1835 est,
1230 1778 1420 1835 repetiit,

113 1922 160 1960 1⁸
184 1924 413 1960 convenitur
445 1934 469 1959 a
494 1923 695 1960 conductis
728 1925 767 1960 et
798 1923 1009 1970 redemptis
1036 1923 1077 1959 in
1103 1923 1233 1959 media
1260 1924 1302 1959 F
1333 1926 1414 1969 (om.

12 1974 222 2020 manceps),
260 1973 309 2018 cf.
345 1972 428 2010 Otto
458 1975 545 2017 291,
585 1972 766 2009 conducti
802 1975 843 2009 et
876 1973 1069 2018 redempti
1110 1973 1339 2009 convenitur
1376 1973 1417 2007 in

13 2022 144 2060 media
170 2023 208 2059 R
234 2026 318 2067 (om.
345 2023 556 2068 manceps),
581 2021 763 2058 conducti
790 2023 830 2058 et
854 2022 1047 2068 redempti
1072 2022 1286 2068 mancipes.
1328 2032 1419 2057 con-

11 2071 168 2108 venitur
198 2071 392 2119 (convenit
415 2074 450 2116 r)
483 2082 508 2107 a
533 2071 735 2107 conductis
768 2073 807 2107 et
838 2071 1050 2117 redemptis
1077 2071 1118 2107 in
1143 2071 1274 2107 media
1303 2082 1419 2116 pra,

14 2120 198 2158 conducti
233 2122 273 2156 et
306 2119 516 2167 redempti·
552 2131 734 2166 manceps
771 2120 1013 2156 convenitur:
1050 2120 1090 2156 in
1127 2119 1259 2155 media
1294 2119 1344 2155 Κ
1372 2130 1418 2155 ex

17 2169 69 2208 M
81 2169 220 2215 VDe,
245 2169 426 2206 conducti
453 2171 492 2205 et
519 2169 729 2216 redempti,
754 2180 938 2216 manceps
965 2169 1193 2205 convenitur
1219 2169 1260 2204 in
1288 2167 1418 2204 media

14 2215 194 2256 basilica:
221 2219 302 2255 tam
328 2230 411 2266 eqo,
437 2219 485 2263 cf.
511 2219 619 2262 infra
637 2230 775 2266 paneg.
802 2221 865 2263 22,
891 2221 936 2262 5,·
960 2221 1021 2263 30,
1048 2221 1081 2254 5.
1194 2221 1214 2253 9
1244 2227 1417 2264 sumpse-

15 2269 108 2304 runt
132 2267 261 2315 RFp
272 2279 349 2311 ra,
377 2267 611 2313 sumpserint
637 2267 688 2303 M
702 2267 795 2304 VD
885 2271 932 2303 20
957 2267 1115 2303 Larcius
1143 2267 1288 2310 RFa,
1319 2266 1418 2310 Otto,

16 2327 48 2353 υ.
80 2317 303 2354 Mommsen.
341 2316 421 2353 ind.
457 2317 506 2352 K.
530 2318 569 2352 II
600 2328 637 2362 p.
664 2319 750 2362 416,
795 2316 957 2363 Largius
995 2316 1232 2362 MVDpr.
1278 2295 1329 2351 K.
1370 2336 1417 2342 —-

17 2364 189 2402 Licinius
227 2365 497 2412 RFDpra,
534 2366 635 2411 Otto,
667 2366 715 2411 cf.
749 2366 826 2402 111
846 2370 881 2410 5,
909 2369 964 2409 17,
996 2365 1153 2401 Licinus
1188 2364 1294 2409 MV,
1333 2364 1415 2401 edd.

17 2417 66 2451 2⁶
97 2414 225 2451 audiit
255 2423 334 2460 ας,
370 2414 482 2451 audit
519 2415 568 2451 K.
695 2418 741 2451 26
777 2414 846 2451 ubi
883 2413 957 2451 sibi
994 2413 1193 2450 silentium
1230 2413 1331 2450 RF.
1369 2434 1414 2439 —

18 2463 162 2515 repetit
186 2463 238 2501 K.
259 2464 311 2501 11
333 2465 454 2502 tacite.

1446 1360 1468 1393 9

1448 1544 1494 1577 10
