1716 2742
480 108 839 155 PANEGYEIGUS
868 121 927 163 26,
942 127 959 155 s
974 139 1021 144 —
1036 120 1096 162 29,
1112 127 1138 154 3.
1434 115 1526 162 343

99 238 189 280 stes
232 233 468 279 hominum
517 235 799 291 maestosque
847 248 1075 278 sermones
1118 230 1303 276 laetiore
1342 230 1530 276 materia

100 298 332 343 detineres.
396 295 585 340 Nullam
612 296 840 356 congiario
868 296 1067 354 culpam,
1099 296 1272 340 nullam
1305 294 1530 339 alimentis
1559 305 1579 337 2

101 359 412 407 crudelitatem
432 359 679 417 redemisti,
709 374 791 404 nec
811 359 895 403 tibi
922 358 1035 403 bene
1064 358 1258 402 faciendi
1277 357 1365 402 fuit
1385 372 1532 414 causa,

100 426 318 482 1112,qu
336 422 454 466 male
475 421 663 479 feceras,
695 422 880 480 impune
899 421 1094 466 fecisses.
1134 420 1278 466 Amor
1303 420 1530 479 impendio

57 502 76 531 ⁵
101 487 211 544 isto,
240 500 335 530 non
359 484 491 529 venia
511 485 713 542 quaesita
740 488 826 542 est,
858 485 1143 542 populusque
1163 483 1394 529 Romanus
1422 483 1534 528 obli-

103 519 234 620 gatiis
268 564 295 593 a
324 547 541 592 tribunali
574 551 675 604 tuo,
707 563 800 591 non
833 550 1040 592 exoratus
1073 548 1267 592 recessit.
1321 545 1536 591 Obtulisti
1563 557 1585 589 3

104 611 223 657 enim
263 610 543 670 congiarium
584 610 884 669 gaudentibus
928 610 1127 670 gaudens
1169 625 1439 668 securusque
1474 624 1538 654 se·

105 674 244 733 curis3
276 672 487 732 quodque
514 676 645 717 antea
671 673 896 730 principes
925 673 981 717 ad
1008 673 1161 718 odium
1183 673 1253 718 sui
1278 672 1538 718 leniendum

99 737 384 783 tumentibus
417 735 561 793 plebis
595 735 757 779 animis
785 736 1088 793 obiectabant,
1122 735 1167 779 id
1200 738 1251 780 tu
1283 739 1377 780 tam
1410 735 1541 780 inno-

45 817 83 845 10
108 815 212 847 cens
256 799 428 858 populo
474 798 655 855 dedisti,
715 814 850 856 quam
895 800 1090 856 populus
1137 799 1321 856 accepit.
1399 798 1540 843 Paulo
1567 809 1591 842 4

108 863 276 919 minus,
320 864 471 921 patres
518 860 782 919 conscripti,
828 861 1026 919 quinque
1071 861 1197 906 milia
1242 862 1542 921 ingenuorum

108 926 311 981 fuerunt,
356 940 470 983 quae
510 924 758 969 liberalitas
805 925 1022 982 principis
1068 925 1211 968 nostri
1255 925 1543 982 conquisivit,

109 989 302 1046 invenit,
333 987 534 1032 adscivit.
587 986 650 1031 Hi
677 987 928 1031 subsidium
954 988 1197 1044 bellorum,
1230 990 1544 1032 ornamentum
1572 998 1593 1030 5

110 1052 234 1111 pacis
273 1050 469 1110 publicis
516 1050 769 1107 sumptibus
813 1051 996 1094 aluntur
1034 1050 1315 1108 patriamque
1361 1066 1454 1095 non
1495 1052 1547 1094 ut

49 1131 85 1160 15
110 1114 304 1174 patriam
336 1116 514 1158 tantum
522 1148 533 1171 ,
576 1129 733 1157 verum
767 1116 818 1156 ut
851 1113 1051 1157 altricem
1086 1129 1233 1158 amare
1268 1113 1548 1171 condiscunt,

112 1193 168 1223 ex
192 1177 263 1222 his
290 1179 455 1234 castra,
487 1191 542 1220 ex
567 1175 638 1220 his
664 1176 809 1220 tribus
837 1176 1150 1234 replebuntur,
1171 1192 1225 1220 ex
1251 1177 1322 1222 his
1351 1176 1548 1235 quando-

114 1256 201 1300 que
240 1242 501 1296 nascentur,
542 1239 707 1296 quibus
748 1239 973 1283 alimentis
1014 1254 1126 1297 opus
1166 1254 1258 1284 non
1297 1239 1366 1284 sit.
1429 1239 1551 1283 Dent
1577 1249 1598 1283 6

113 1303 216 1361 tibi,
262 1301 443 1360 Caesar,
488 1304 679 1346 aetatem
727 1301 790 1359 di,
846 1317 981 1359 quam
1026 1303 1228 1360 mereris,
1283 1304 1550 1361 serventque

115 1367 334 1423 animum,
368 1380 502 1423 quem
529 1364 765 1409 dederunt:
799 1367 842 1408 et
871 1367 1038 1422 quanto
1066 1365 1281 1409 maiorem
1308 1365 1550 1410 infantium

53 1445 91 1474 20
116 1430 298 1475 turbam
317 1429 482 1473 iterum
503 1430 639 1486 atque
660 1428 823 1472 iterum
835 1427 1007 1472 videbis
1029 1427 1184 1472 incidi!
1207 1427 1413 1487 Augetur
1433 1428 1552 1472 enim
1580 1439 1600 1472 ’1

118 1492 284 1538 cotidie
304 1494 351 1536 et
370 1491 547 1548 crescit,
569 1506 661 1535 non
683 1491 789 1548 quia
810 1490 1000 1535 cariores
1021 1490 1284 1548 parentibus
1304 1491 1454 1549 liberi,
1476 1490 1553 1535 sed

120 1555 227 1614 quia
245 1553 440 1625 principi
461 1554 592 1598 cives.
638 1553 778 1598 Dabis
801 1554 1047 1612 congiaria,
1076 1554 1114 1598 si
1134 1554 1280 1611 voles,
1305 1554 1554 1612 praestabis

120 1618 353 1675 alimenta,
386 1617 424 1661 si
456 1618 600 1661 voles.
634 1617 702 1660 illi
735 1591 915 1660 tamen⁰
919 1618 1106 1687 propter
1137 1619 1181 1660 te
1214 1619 1473 1662 nascuntur.

214 1652 365 1726 Instai·
396 1694 482 1739 ego
520 1680 726 1737 perpetui
766 1679 985 1738 congiarii
1016 1694 1119 1723 reor
1152 1679 1442 1725 adfluentiam
1482 1676 1631 1726 311-29

59 1757 98 1788 25
121 1759 279 1789 nonae.
325 1742 474 1788 Huius
509 1742 751 1800 aliquando
787 1757 892 1787 cura
925 1741 1141 1799 Pompeio
1175 1758 1269 1787 non
1301 1743 1450 1788 minus
1484 1742 1558 1788 ad-

124 1806 240 1852 didit
259 1806 430 1867 gloriae
451 1821 586 1864 quam
607 1806 763 1864 pulsus
786 1806 980 1850 ambitus
1002 1820 1181 1863 camp0,
1209 1808 1392 1851 exactus
1412 1806 1558 1851 hostis

125 1870 258 1928 mari,
290 1869 438 1914 oriens
464 1868 708 1926 triumphis
737 1868 1033 1926 occidensque
1057 1869 1286 1913 lustratus.
1330 1868 1428 1914 Nec
1453 1884 1559 1914 vero
1587 1881 1608 1914 2

108 1934 204 1978 1110
241 1932 418 1978 civilius
460 1947 595 2002 quam
635 1947 796 1990 parens
835 1933 989 1976 noster
1027 1931 1312 1989 auctoritate,
1358 1932 1561 1987 consilio,

126 1996 216 2041 fide
247 1995 433 2041 reclusit
463 1994 578 2052 vias,
612 1996 769 2052 portus
803 1993 1035 2052 patefecit,
1076 1994 1238 2039 itinera
1269 1995 1421 2052 terris,
1459 1995 1562 2039 lito-

65 2075 102 2102 so
127 2059 254 2104 ribus
281 2073 403 2103 mare
438 2058 592 2116 [litora
619 2057 751 2115 mari]
778 2055 972 2101 reddidit
999 2056 1287 2116 diversasque
1315 2060 1472 2117 gentes
1499 2058 1564 2103 ita

130 2121 399 2168 commercio
440 2120 642 2177 miscuit,
679 2122 750 2179 ut,
793 2120 913 2178 quod
952 2119 1156 2179 genitum
1203 2123 1321 2166 esset
1358 2137 1564 2180 usquam,

130 2185 177 2230 id
210 2184 329 2243 apud
364 2198 518 2229 omnes
558 2186 714 2227 natum
758 2198 853 2227 esse
886 2182 1123 2227 videretur.
1187 2182 1352 2228 Nonne
1386 2199 1564 2229 cernere
1592 2195 1614 2228 3

131 2248 283 2306 datur,
314 2250 367 2292 ut
386 2247 482 2291 sine
514 2247 652 2290 ullius
679 2245 843 2290 iniuria
873 2246 1018 2290 omnis
1045 2246 1202 2291 usibus
1229 2246 1395 2292 nostris
1422 2263 1565 2293 annus

235 2362 283 2396 20
321 2357 475 2396 videbis
517 2356 572 2394 B'
583 2357 734 2403 GOW,
775 2357 827 2394 K.
850 2358 930 2444 190
962 2358 1043 2394 suis
1082 2357 1228 2404 ABcd,
1274 2356 1430 2395 iubebis
1469 2359 1568 2405 BV,

134 2410 280 2456 Livia,
302 2409 355 2446 K.
371 2410 430 2455 ΙΙ,
452 2408 608 2454 Baehr„
630 2408 767 2444 Muell.
885 2406 1131 2457 9<itinerib.
1152 2387 1322 2458 teri-as),
1342 2408 1431 2446 itin.
1452 2409 1568 2446 terris

137 2460 316 2497 Momms.
446 2461 493 2495 30
522 2457 656 2508 [litora
681 2457 798 2507 mari]
826 2457 1009 2504 Selmena,
1045 2457 1245 2507 [litoribus
1271 2459 1396 2509 mare]
1424 2458 1567 2498 Suster.

139 2513 186 2546 82
206 2520 336 2547 nonne
360 2507 524 2558 (nunc)
547 2518 648 2545 cern.
672 2507 852 2546 Schnelle.
