<?xml version="1.0" encoding="UTF-8"?>
<!DOCTYPE html PUBLIC "-//W3C//DTD XHTML 1.0 Transitional//EN"
    "http://www.w3.org/TR/xhtml1/DTD/xhtml1-transitional.dtd">
<html xmlns="http://www.w3.org/1999/xhtml" xml:lang="en" lang="en">
 <head>
  <title>
</title>
<meta http-equiv="Content-Type" content="text/html;charset=utf-8" />
  <meta name='ocr-system' content='tesseract 3.04.00' />
  <meta name='ocr-capabilities' content='ocr_page ocr_carea ocr_par ocr_line ocrx_word'/>
</head>
<body>
  <div class='ocr_page' id='page_1' title='image "./epistularumlibr00plin_0331.png"; bbox 0 0 1716 2742; ppageno 0'>
   <div class='ocr_carea' id='block_1_1' title="bbox 63 848 98 877">
    <p class='ocr_par' dir='ltr' id='par_1_1' title="bbox 63 848 98 877">
     <span class='ocr_line' id='line_1_1' title="bbox 63 848 98 877; baseline 0.029 -1"><span class='ocrx_word' id='word_1_1' title='bbox 63 848 98 877; x_wconf 84' lang='lat'><strong>10</strong></span> 
     </span>
    </p>
   </div>
   <div class='ocr_carea' id='block_1_2' title="bbox 65 1163 100 1191">
    <p class='ocr_par' dir='ltr' id='par_1_2' title="bbox 65 1163 100 1191">
     <span class='ocr_line' id='line_1_2' title="bbox 65 1163 100 1191; baseline 0 0"><span class='ocrx_word' id='word_1_2' title='bbox 65 1163 100 1191; x_wconf 73' lang='lat'><strong>15</strong></span> 
     </span>
    </p>
   </div>
   <div class='ocr_carea' id='block_1_3' title="bbox 67 1513 104 1542">
    <p class='ocr_par' dir='ltr' id='par_1_3' title="bbox 67 1513 104 1542">
     <span class='ocr_line' id='line_1_3' title="bbox 67 1513 104 1542; baseline 0.027 -1"><span class='ocrx_word' id='word_1_3' title='bbox 67 1513 104 1542; x_wconf 72' lang='grc'><strong>20</strong></span> 
     </span>
    </p>
   </div>
   <div class='ocr_carea' id='block_1_4' title="bbox 529 124 1544 172">
    <p class='ocr_par' dir='ltr' id='par_1_4' title="bbox 529 124 1544 172">
     <span class='ocr_line' id='line_1_4' title="bbox 529 124 1544 172; baseline 0.001 -7"><span class='ocrx_word' id='word_1_4' title='bbox 529 124 893 165; x_wconf 81' lang='lat' dir='ltr'><strong>EPISTULARUM</strong></span> <span class='ocrx_word' id='word_1_5' title='bbox 922 130 1130 164; x_wconf 87' lang='lat'>111—115.</span> <span class='ocrx_word' id='word_1_6' title='bbox 1453 126 1544 172; x_wconf 86' lang='lat'><strong>315</strong></span> 
     </span>
    </p>
   </div>
   <div class='ocr_carea' id='block_1_5' title="bbox 119 240 1547 430">
    <p class='ocr_par' dir='ltr' id='par_1_5' title="bbox 119 240 1547 430">
     <span class='ocr_line' id='line_1_5' title="bbox 119 240 1547 305; baseline -0.004 -15"><span class='ocrx_word' id='word_1_7' title='bbox 119 245 266 305; x_wconf 84' lang='lat' dir='ltr'><strong>legem</strong></span> <span class='ocrx_word' id='word_1_8' title='bbox 309 247 442 303; x_wconf 91' lang='lat' dir='ltr'><strong>puto,</strong></span> <span class='ocrx_word' id='word_1_9' title='bbox 494 244 569 289; x_wconf 88' lang='lat' dir='ltr'><strong>sed</strong></span> <span class='ocrx_word' id='word_1_10' title='bbox 616 244 828 289; x_wconf 85' lang='lat' dir='ltr'><strong>adversus</strong></span> <span class='ocrx_word' id='word_1_11' title='bbox 875 258 970 301; x_wconf 87' lang='lat' dir='ltr'><strong>eos,</strong></span> <span class='ocrx_word' id='word_1_12' title='bbox 1014 243 1093 301; x_wconf 88' lang='lat' dir='ltr'><strong>qui</strong></span> <span class='ocrx_word' id='word_1_13' title='bbox 1137 242 1269 286; x_wconf 85' lang='lat' dir='ltr'><strong>inviti</strong></span> <span class='ocrx_word' id='word_1_14' title='bbox 1313 241 1430 286; x_wconf 90' lang='lat' dir='ltr'><strong>fiunt</strong></span> <span class='ocrx_word' id='word_1_15' title='bbox 1475 240 1547 285; x_wconf 88' lang='lat' dir='ltr'><strong>de-</strong></span> 
     </span>
     <span class='ocr_line' id='line_1_6' title="bbox 121 304 1546 365; baseline -0.003 -13"><span class='ocrx_word' id='word_1_16' title='bbox 121 307 326 354; x_wconf 86' lang='lat' dir='ltr'><strong>curiones</strong></span> <span class='ocrx_word' id='word_1_17' title='bbox 333 343 345 365; x_wconf 91' lang='lat'><em>‚</em></span> <span class='ocrx_word' id='word_1_18' title='bbox 387 307 432 351; x_wconf 92' lang='lat' dir='ltr'><strong>id</strong></span> <span class='ocrx_word' id='word_1_19' title='bbox 467 307 673 352; x_wconf 81' lang='lat' dir='ltr'><strong>existimo</strong></span> <span class='ocrx_word' id='word_1_20' title='bbox 707 309 930 365; x_wconf 90' lang='lat' dir='ltr'><strong>acturum,</strong></span> <span class='ocrx_word' id='word_1_21' title='bbox 973 309 1024 350; x_wconf 93' lang='lat' dir='ltr'><strong>ut</strong></span> <span class='ocrx_word' id='word_1_22' title='bbox 1056 305 1356 364; x_wconf 72' lang='lat' dir='ltr'>praestantior</span> <span class='ocrx_word' id='word_1_23' title='bbox 1389 304 1546 350; x_wconf 87' lang='lat' dir='ltr'><strong>ceteris</strong></span> 
     </span>
     <span class='ocr_line' id='line_1_7' title="bbox 120 369 410 430; baseline -0.003 -14"><span class='ocrx_word' id='word_1_24' title='bbox 120 369 410 430; x_wconf 77' lang='lat' dir='ltr'><strong>praeferatur.</strong></span> 
     </span>
    </p>
   </div>
   <div class='ocr_carea' id='block_1_6' title="bbox 395 434 1277 548">
    <p class='ocr_par' dir='ltr' id='par_1_6' title="bbox 395 434 1277 548">
     <span class='ocr_line' id='line_1_8' title="bbox 662 434 1008 489; baseline -0.006 -12"><span class='ocrx_word' id='word_1_25' title='bbox 662 434 1008 489; x_wconf 67' lang='lat' dir='ltr'>OXIV.[GXV]</span> 
     </span>
     <span class='ocr_line' id='line_1_9' title="bbox 395 512 1277 548; baseline -0.002 0"><span class='ocrx_word' id='word_1_26' title='bbox 395 513 439 548; x_wconf 86' lang='lat' dir='ltr'><strong>C.</strong></span> <span class='ocrx_word' id='word_1_27' title='bbox 460 514 665 548; x_wconf 88' lang='lat' dir='ltr'>PLINIUS</span> <span class='ocrx_word' id='word_1_28' title='bbox 694 513 917 548; x_wconf 87' lang='lat' dir='ltr'><strong>TRAIANO</strong></span> <span class='ocrx_word' id='word_1_29' title='bbox 945 512 1277 547; x_wconf 75' lang='lat' dir='ltr'><strong>IMPERATORI.</strong></span> 
     </span>
    </p>
   </div>
   <div class='ocr_carea' id='block_1_7' title="bbox 121 581 1557 1461">
    <p class='ocr_par' dir='ltr' id='par_1_7' title="bbox 121 581 1557 1461">
     <span class='ocr_line' id='line_1_10' title="bbox 215 581 1550 643; baseline -0.001 -16"><span class='ocrx_word' id='word_1_30' title='bbox 215 582 355 643; x_wconf 87' lang='lat' dir='ltr'><strong>Lege,</strong></span> <span class='ocrx_word' id='word_1_31' title='bbox 382 584 582 641; x_wconf 89' lang='lat' dir='ltr'><strong>domine,</strong></span> <span class='ocrx_word' id='word_1_32' title='bbox 607 583 842 642; x_wconf 90' lang='lat' dir='ltr'><strong>Pompeia,</strong></span> <span class='ocrx_word' id='word_1_33' title='bbox 868 583 1136 641; x_wconf 89' lang='lat' dir='ltr'><strong>permissum</strong></span> <span class='ocrx_word' id='word_1_34' title='bbox 1163 581 1417 641; x_wconf 70' lang='lat' dir='ltr'>Bithynicis</span> <span class='ocrx_word' id='word_1_35' title='bbox 1445 581 1550 626; x_wconf 83' lang='lat' dir='ltr'><strong>civi-</strong></span> 
     </span>
     <span class='ocr_line' id='line_1_11' title="bbox 121 645 1551 704; baseline -0.002 -13"><span class='ocrx_word' id='word_1_36' title='bbox 121 646 289 692; x_wconf 87' lang='lat' dir='ltr'><strong>tatibus</strong></span> <span class='ocrx_word' id='word_1_37' title='bbox 329 646 579 692; x_wconf 79' lang='lat' dir='ltr'><strong>adscribere</strong></span> <span class='ocrx_word' id='word_1_38' title='bbox 622 646 728 704; x_wconf 84' lang='lat' dir='ltr'>sibi,</span> <span class='ocrx_word' id='word_1_39' title='bbox 774 661 886 704; x_wconf 91' lang='lat' dir='ltr'><strong>quos</strong></span> <span class='ocrx_word' id='word_1_40' title='bbox 931 647 1118 702; x_wconf 84' lang='lat' dir='ltr'><strong>vellent,</strong></span> <span class='ocrx_word' id='word_1_41' title='bbox 1163 645 1302 702; x_wconf 85' lang='lat' dir='ltr'><strong>cives,</strong></span> <span class='ocrx_word' id='word_1_42' title='bbox 1346 645 1451 689; x_wconf 89' lang='lat' dir='ltr'><strong>dum</strong></span> <span class='ocrx_word' id='word_1_43' title='bbox 1494 659 1551 688; x_wconf 90' lang='lat' dir='ltr'><strong>ne</strong></span> 
     </span>
     <span class='ocr_line' id='line_1_12' title="bbox 124 706 1552 768; baseline -0.003 -13"><span class='ocrx_word' id='word_1_44' title='bbox 124 725 258 768; x_wconf 91' lang='lat' dir='ltr'><strong>quem</strong></span> <span class='ocrx_word' id='word_1_45' title='bbox 285 724 437 754; x_wconf 88' lang='lat' dir='ltr'><strong>earum</strong></span> <span class='ocrx_word' id='word_1_46' title='bbox 465 710 717 766; x_wconf 84' lang='lat' dir='ltr'><strong>civitatum,</strong></span> <span class='ocrx_word' id='word_1_47' title='bbox 751 725 864 767; x_wconf 89' lang='lat' dir='ltr'><strong>quae</strong></span> <span class='ocrx_word' id='word_1_48' title='bbox 892 711 997 753; x_wconf 90' lang='lat' dir='ltr'><strong>sunt</strong></span> <span class='ocrx_word' id='word_1_49' title='bbox 1023 709 1070 752; x_wconf 93' lang='lat' dir='ltr'><strong>in</strong></span> <span class='ocrx_word' id='word_1_50' title='bbox 1096 708 1322 767; x_wconf 87' lang='lat' dir='ltr'><strong>Bithynia.</strong></span> <span class='ocrx_word' id='word_1_51' title='bbox 1381 706 1552 751; x_wconf 82' lang='lat' dir='ltr'><strong>Eadem</strong></span> 
     </span>
     <span class='ocr_line' id='line_1_13' title="bbox 122 769 1552 833; baseline -0.002 -16"><span class='ocrx_word' id='word_1_52' title='bbox 122 773 223 833; x_wconf 86' lang='lat' dir='ltr'><strong>lege</strong></span> <span class='ocrx_word' id='word_1_53' title='bbox 257 773 474 831; x_wconf 87' lang='lat' dir='ltr'><strong>sancitur,</strong></span> <span class='ocrx_word' id='word_1_54' title='bbox 514 773 676 831; x_wconf 87' lang='lat' dir='ltr'><strong>quibus</strong></span> <span class='ocrx_word' id='word_1_55' title='bbox 711 772 765 816; x_wconf 91' lang='lat' dir='ltr'><strong>de</strong></span> <span class='ocrx_word' id='word_1_56' title='bbox 807 772 952 817; x_wconf 90' lang='lat' dir='ltr'><strong>causis</strong></span> <span class='ocrx_word' id='word_1_57' title='bbox 986 788 1009 816; x_wconf 88' lang='lat' dir='ltr'><strong>e</strong></span> <span class='ocrx_word' id='word_1_58' title='bbox 1043 774 1197 815; x_wconf 86' lang='lat' dir='ltr'><strong>senatu</strong></span> <span class='ocrx_word' id='word_1_59' title='bbox 1234 787 1261 815; x_wconf 87' lang='lat' dir='ltr'><strong>a</strong></span> <span class='ocrx_word' id='word_1_60' title='bbox 1292 769 1552 816; x_wconf 81' lang='lat' dir='ltr'><strong>censoribus</strong></span> 
     </span>
     <span class='ocr_line' id='line_1_14' title="bbox 124 832 1554 893; baseline -0.002 -13"><span class='ocrx_word' id='word_1_61' title='bbox 124 835 352 881; x_wconf 76' lang='lat' dir='ltr'><strong>eiciantur.</strong></span> <span class='ocrx_word' id='word_1_62' title='bbox 418 834 527 880; x_wconf 92' lang='lat' dir='ltr'><strong>Inde</strong></span> <span class='ocrx_word' id='word_1_63' title='bbox 554 852 625 880; x_wconf 90' lang='lat' dir='ltr'><strong>me</strong></span> <span class='ocrx_word' id='word_1_64' title='bbox 652 835 834 893; x_wconf 91' lang='lat' dir='ltr'><strong>quidam</strong></span> <span class='ocrx_word' id='word_1_65' title='bbox 862 851 917 879; x_wconf 86' lang='lat' dir='ltr'><strong>ex</strong></span> <span class='ocrx_word' id='word_1_66' title='bbox 943 834 1202 879; x_wconf 84' lang='lat' dir='ltr'><strong>censoribus</strong></span> <span class='ocrx_word' id='word_1_67' title='bbox 1230 832 1554 879; x_wconf 85' lang='lat' dir='ltr'><strong>consulendum</strong></span> 
     </span>
     <span class='ocr_line' id='line_1_15' title="bbox 124 895 1553 958; baseline -0.002 -15"><span class='ocrx_word' id='word_1_68' title='bbox 124 901 418 958; x_wconf 82' lang='lat' dir='ltr'><strong>putaverunt,</strong></span> <span class='ocrx_word' id='word_1_69' title='bbox 450 914 508 943; x_wconf 89' lang='lat' dir='ltr'><strong>an</strong></span> <span class='ocrx_word' id='word_1_70' title='bbox 541 899 682 944; x_wconf 89' lang='lat' dir='ltr'><strong>eicere</strong></span> <span class='ocrx_word' id='word_1_71' title='bbox 710 897 923 942; x_wconf 88' lang='lat' dir='ltr'><strong>deberent</strong></span> <span class='ocrx_word' id='word_1_72' title='bbox 954 913 1057 942; x_wconf 92' lang='lat' dir='ltr'><strong>eum</strong></span> <span class='ocrx_word' id='word_1_73' title='bbox 1063 933 1074 956; x_wconf 89' lang='lat'><strong>,</strong></span> <span class='ocrx_word' id='word_1_74' title='bbox 1110 898 1187 955; x_wconf 92' lang='lat' dir='ltr'><strong>qui</strong></span> <span class='ocrx_word' id='word_1_75' title='bbox 1220 899 1337 942; x_wconf 90' lang='lat' dir='ltr'><strong>esset</strong></span> <span class='ocrx_word' id='word_1_76' title='bbox 1369 895 1553 941; x_wconf 87' lang='lat' dir='ltr'><strong>alterius</strong></span> 
     </span>
     <span class='ocr_line' id='line_1_16' title="bbox 125 959 1555 1020; baseline -0.002 -14"><span class='ocrx_word' id='word_1_77' title='bbox 125 961 332 1007; x_wconf 84' lang='lat' dir='ltr'><strong>civitatis.</strong></span> <span class='ocrx_word' id='word_1_78' title='bbox 397 961 516 1020; x_wconf 85' lang='lat' dir='ltr'><strong>Ego,</strong></span> <span class='ocrx_word' id='word_1_79' title='bbox 557 962 664 1019; x_wconf 90' lang='lat' dir='ltr'><strong>quia</strong></span> <span class='ocrx_word' id='word_1_80' title='bbox 694 961 768 1005; x_wconf 84' lang='lat' dir='ltr'><strong>lex</strong></span> <span class='ocrx_word' id='word_1_81' title='bbox 805 961 923 1005; x_wconf 83' lang='lat' dir='ltr'><strong>sicut</strong></span> <span class='ocrx_word' id='word_1_82' title='bbox 955 961 1149 1005; x_wconf 87' lang='lat' dir='ltr'><strong>adscribi</strong></span> <span class='ocrx_word' id='word_1_83' title='bbox 1182 961 1326 1005; x_wconf 83' lang='lat' dir='ltr'><strong>civem</strong></span> <span class='ocrx_word' id='word_1_84' title='bbox 1359 959 1555 1003; x_wconf 90' lang='lat' dir='ltr'><strong>alienum</strong></span> 
     </span>
     <span class='ocr_line' id='line_1_17' title="bbox 125 1022 1555 1082; baseline -0.002 -13"><span class='ocrx_word' id='word_1_85' title='bbox 125 1025 327 1082; x_wconf 80' lang='lat' dir='ltr'><strong>vetabat,</strong></span> <span class='ocrx_word' id='word_1_86' title='bbox 358 1024 422 1069; x_wconf 86' lang='lat' dir='ltr'><strong>ita</strong></span> <span class='ocrx_word' id='word_1_87' title='bbox 448 1024 532 1069; x_wconf 90' lang='lat' dir='ltr'><strong>eici</strong></span> <span class='ocrx_word' id='word_1_88' title='bbox 559 1040 583 1069; x_wconf 91' lang='lat' dir='ltr'><strong>e</strong></span> <span class='ocrx_word' id='word_1_89' title='bbox 611 1027 769 1068; x_wconf 89' lang='lat' dir='ltr'><strong>senatu</strong></span> <span class='ocrx_word' id='word_1_90' title='bbox 799 1024 857 1068; x_wconf 89' lang='lat' dir='ltr'><strong>ob</strong></span> <span class='ocrx_word' id='word_1_91' title='bbox 884 1023 1001 1068; x_wconf 87' lang='lat' dir='ltr'><strong>hanc</strong></span> <span class='ocrx_word' id='word_1_92' title='bbox 1032 1039 1211 1068; x_wconf 88' lang='lat' dir='ltr'><strong>causam</strong></span> <span class='ocrx_word' id='word_1_93' title='bbox 1240 1038 1335 1067; x_wconf 90' lang='lat' dir='ltr'><strong>non</strong></span> <span class='ocrx_word' id='word_1_94' title='bbox 1360 1022 1555 1079; x_wconf 88' lang='lat' dir='ltr'><strong>iubebat,</strong></span> 
     </span>
     <span class='ocr_line' id='line_1_18' title="bbox 126 1085 1556 1146; baseline -0.003 -14"><span class='ocrx_word' id='word_1_95' title='bbox 126 1090 377 1146; x_wconf 80' lang='lat' dir='ltr'><strong>praeterea,</strong></span> <span class='ocrx_word' id='word_1_96' title='bbox 422 1087 544 1145; x_wconf 91' lang='lat' dir='ltr'><strong>quod</strong></span> <span class='ocrx_word' id='word_1_97' title='bbox 590 1087 912 1131; x_wconf 89' lang='lat' dir='ltr'><strong>adfirmabatur</strong></span> <span class='ocrx_word' id='word_1_98' title='bbox 955 1086 1067 1131; x_wconf 90' lang='lat' dir='ltr'><strong>mihi</strong></span> <span class='ocrx_word' id='word_1_99' title='bbox 1113 1086 1161 1130; x_wconf 91' lang='lat' dir='ltr'><strong>in</strong></span> <span class='ocrx_word' id='word_1_100' title='bbox 1205 1085 1329 1130; x_wconf 91' lang='lat' dir='ltr'><strong>omni</strong></span> <span class='ocrx_word' id='word_1_101' title='bbox 1375 1085 1556 1130; x_wconf 85' lang='lat' dir='ltr'><strong>civitate</strong></span> 
     </span>
     <span class='ocr_line' id='line_1_19' title="bbox 126 1149 1555 1212; baseline -0.003 -16"><span class='ocrx_word' id='word_1_102' title='bbox 126 1150 346 1209; x_wconf 87' lang='lat' dir='ltr'><strong>plurimos</strong></span> <span class='ocrx_word' id='word_1_103' title='bbox 380 1165 475 1195; x_wconf 88' lang='lat' dir='ltr'><strong>esse</strong></span> <span class='ocrx_word' id='word_1_104' title='bbox 504 1150 710 1195; x_wconf 89' lang='lat' dir='ltr'><strong>buleutas</strong></span> <span class='ocrx_word' id='word_1_105' title='bbox 742 1165 798 1212; x_wconf 84' lang='lat' dir='ltr'><strong>ex</strong></span> <span class='ocrx_word' id='word_1_106' title='bbox 820 1149 920 1193; x_wconf 90' lang='lat' dir='ltr'><strong>aliis</strong></span> <span class='ocrx_word' id='word_1_107' title='bbox 954 1149 1231 1206; x_wconf 85' lang='lat' dir='ltr'><strong>civitatibus,</strong></span> <span class='ocrx_word' id='word_1_108' title='bbox 1263 1149 1555 1205; x_wconf 87' lang='lat' dir='ltr'><strong>futurumque</strong></span> 
     </span>
     <span class='ocr_line' id='line_1_20' title="bbox 127 1212 1557 1271; baseline -0.003 -12"><span class='ocrx_word' id='word_1_109' title='bbox 127 1216 180 1258; x_wconf 93' lang='lat' dir='ltr'><strong>ut</strong></span> <span class='ocrx_word' id='word_1_110' title='bbox 210 1214 344 1259; x_wconf 83' lang='lat' dir='ltr'><strong>multi</strong></span> <span class='ocrx_word' id='word_1_111' title='bbox 368 1213 575 1258; x_wconf 88' lang='lat' dir='ltr'><strong>homines</strong></span> <span class='ocrx_word' id='word_1_112' title='bbox 609 1214 865 1271; x_wconf 72' lang='lat' dir='ltr'><strong>multaeque</strong></span> <span class='ocrx_word' id='word_1_113' title='bbox 901 1212 1104 1257; x_wconf 85' lang='lat' dir='ltr'><strong>civitates</strong></span> <span class='ocrx_word' id='word_1_114' title='bbox 1134 1213 1479 1257; x_wconf 87' lang='lat' dir='ltr'><strong>concuterentur</strong></span> <span class='ocrx_word' id='word_1_115' title='bbox 1505 1226 1557 1254; x_wconf 89' lang='lat' dir='ltr'><strong>ea</strong></span> 
     </span>
     <span class='ocr_line' id='line_1_21' title="bbox 126 1273 1557 1336; baseline -0.003 -14"><span class='ocrx_word' id='word_1_116' title='bbox 126 1279 255 1335; x_wconf 84' lang='lat' dir='ltr'><strong>parte</strong></span> <span class='ocrx_word' id='word_1_117' title='bbox 317 1276 450 1336; x_wconf 86' lang='lat' dir='ltr'><strong>legis,</strong></span> <span class='ocrx_word' id='word_1_118' title='bbox 517 1291 630 1335; x_wconf 89' lang='lat' dir='ltr'><strong>quae</strong></span> <span class='ocrx_word' id='word_1_119' title='bbox 694 1276 784 1320; x_wconf 89' lang='lat' dir='ltr'><strong>iam</strong></span> <span class='ocrx_word' id='word_1_120' title='bbox 849 1275 1023 1334; x_wconf 88' lang='lat' dir='ltr'><strong>pridem</strong></span> <span class='ocrx_word' id='word_1_121' title='bbox 1082 1289 1302 1320; x_wconf 85' lang='lat' dir='ltr'><strong>consensu</strong></span> <span class='ocrx_word' id='word_1_122' title='bbox 1361 1273 1557 1332; x_wconf 90' lang='lat' dir='ltr'><strong>quodam</strong></span> 
     </span>
     <span class='ocr_line' id='line_1_22' title="bbox 128 1336 1557 1398; baseline -0.003 -13"><span class='ocrx_word' id='word_1_123' title='bbox 128 1340 414 1398; x_wconf 83' lang='lat' dir='ltr'><strong>exolevisset,</strong></span> <span class='ocrx_word' id='word_1_124' title='bbox 454 1339 757 1384; x_wconf 87' lang='lat' dir='ltr'><strong>necessarium</strong></span> <span class='ocrx_word' id='word_1_125' title='bbox 790 1339 1043 1383; x_wconf 81' lang='lat' dir='ltr'><strong>existimavi</strong></span> <span class='ocrx_word' id='word_1_126' title='bbox 1076 1338 1309 1383; x_wconf 88' lang='lat' dir='ltr'><strong>consulere</strong></span> <span class='ocrx_word' id='word_1_127' title='bbox 1342 1340 1405 1394; x_wconf 91' lang='lat' dir='ltr'><strong>te,</strong></span> <span class='ocrx_word' id='word_1_128' title='bbox 1449 1336 1557 1394; x_wconf 89' lang='lat' dir='ltr'><strong>quid</strong></span> 
     </span>
     <span class='ocr_line' id='line_1_23' title="bbox 129 1399 1493 1461; baseline -0.004 -13"><span class='ocrx_word' id='word_1_129' title='bbox 129 1403 397 1448; x_wconf 83' lang='lat' dir='ltr'><strong>servandum</strong></span> <span class='ocrx_word' id='word_1_130' title='bbox 428 1405 622 1461; x_wconf 88' lang='lat' dir='ltr'><strong>putares.</strong></span> <span class='ocrx_word' id='word_1_131' title='bbox 683 1401 842 1460; x_wconf 80' lang='lat' dir='ltr'><strong>Capita</strong></span> <span class='ocrx_word' id='word_1_132' title='bbox 873 1401 986 1461; x_wconf 84' lang='lat' dir='ltr'><strong>legis</strong></span> <span class='ocrx_word' id='word_1_133' title='bbox 1013 1401 1083 1445; x_wconf 90' lang='lat' dir='ltr'><strong>his</strong></span> <span class='ocrx_word' id='word_1_134' title='bbox 1117 1400 1279 1445; x_wconf 90' lang='lat' dir='ltr'><strong>litteris</strong></span> <span class='ocrx_word' id='word_1_135' title='bbox 1314 1399 1493 1445; x_wconf 87' lang='lat' dir='ltr'><strong>subieci.</strong></span> 
     </span>
    </p>
   </div>
   <div class='ocr_carea' id='block_1_8' title="bbox 609 1503 1081 1618">
    <p class='ocr_par' dir='ltr' id='par_1_8' title="bbox 609 1503 1081 1618">
     <span class='ocr_line' id='line_1_24' title="bbox 671 1503 1018 1558; baseline -0.006 -11"><span class='ocrx_word' id='word_1_136' title='bbox 671 1503 1018 1558; x_wconf 78' lang='lat' dir='ltr'><strong>cxv.[ova]</strong></span> 
     </span>
     <span class='ocr_line' id='line_1_25' title="bbox 609 1583 1081 1618; baseline -0.004 0"><span class='ocrx_word' id='word_1_137' title='bbox 609 1583 864 1618; x_wconf 84' lang='lat' dir='ltr'><strong>TRAIANUS</strong></span> <span class='ocrx_word' id='word_1_138' title='bbox 891 1583 1081 1617; x_wconf 90' lang='lat' dir='ltr'>PLINIO.</span> 
     </span>
    </p>
   </div>
   <div class='ocr_carea' id='block_1_9' title="bbox 132 1650 1562 1776">
    <p class='ocr_par' dir='ltr' id='par_1_9' title="bbox 132 1650 1562 1776">
     <span class='ocr_line' id='line_1_26' title="bbox 224 1650 1560 1712; baseline -0.003 -14"><span class='ocrx_word' id='word_1_139' title='bbox 224 1653 388 1700; x_wconf 88' lang='lat' dir='ltr'><strong>Merito</strong></span> <span class='ocrx_word' id='word_1_140' title='bbox 408 1654 612 1712; x_wconf 76' lang='lat' dir='ltr'><strong>haesisti,</strong></span> <span class='ocrx_word' id='word_1_141' title='bbox 641 1653 842 1698; x_wconf 86' lang='lat' dir='ltr'><strong>Secunde</strong></span> <span class='ocrx_word' id='word_1_142' title='bbox 864 1652 1110 1709; x_wconf 88' lang='lat' dir='ltr'><strong>carissime,</strong></span> <span class='ocrx_word' id='word_1_143' title='bbox 1137 1651 1246 1710; x_wconf 90' lang='lat' dir='ltr'><strong>quid</strong></span> <span class='ocrx_word' id='word_1_144' title='bbox 1266 1668 1292 1695; x_wconf 92' lang='lat' dir='ltr'><strong>a</strong></span> <span class='ocrx_word' id='word_1_145' title='bbox 1311 1654 1355 1696; x_wconf 90' lang='lat' dir='ltr'><strong>te</strong></span> <span class='ocrx_word' id='word_1_146' title='bbox 1375 1650 1560 1695; x_wconf 91' lang='lat' dir='ltr'><strong>rescribi</strong></span> 
     </span>
     <span class='ocr_line' id='line_1_27' title="bbox 132 1714 1562 1776; baseline -0.004 -13"><span class='ocrx_word' id='word_1_147' title='bbox 132 1720 360 1776; x_wconf 86' lang='lat' dir='ltr'><strong>oporteret</strong></span> <span class='ocrx_word' id='word_1_148' title='bbox 393 1717 652 1763; x_wconf 89' lang='lat' dir='ltr'><strong>censoribus</strong></span> <span class='ocrx_word' id='word_1_149' title='bbox 687 1715 1044 1773; x_wconf 71' lang='lat' dir='ltr'><strong>consulentibus,</strong></span> <span class='ocrx_word' id='word_1_150' title='bbox 1078 1731 1136 1759; x_wconf 87' lang='lat' dir='ltr'><strong>an</strong></span> <span class='ocrx_word' id='word_1_151' title='bbox 1161 1729 1336 1759; x_wconf 76' lang='lat' dir='ltr'><strong>manere</strong></span> <span class='ocrx_word' id='word_1_152' title='bbox 1367 1714 1562 1759; x_wconf 75' lang='lat' dir='ltr'><strong>deberent</strong></span> 
     </span>
    </p>
   </div>
   <div class='ocr_carea' id='block_1_10' title="bbox 133 1788 434 1793">
    <p class='ocr_par' dir='ltr' id='par_1_10' title="bbox 133 1788 434 1793">
     <span class='ocr_line' id='line_1_28' title="bbox 133 1788 434 1793; baseline 0 0"><span class='ocrx_word' id='word_1_153' title='bbox 133 1788 434 1793; x_wconf 95' lang='lat' dir='ltr'><strong> </strong></span> 
     </span>
    </p>
   </div>
   <div class='ocr_carea' id='block_1_11' title="bbox 234 1811 1560 1861">
    <p class='ocr_par' dir='ltr' id='par_1_11' title="bbox 234 1811 1560 1861">
     <span class='ocr_line' id='line_1_29' title="bbox 234 1811 1560 1861; baseline -0.005 -7"><span class='ocrx_word' id='word_1_154' title='bbox 234 1816 283 1853; x_wconf 84' lang='lat'><strong>1*</strong></span> <span class='ocrx_word' id='word_1_155' title='bbox 310 1816 380 1854; x_wconf 89' lang='lat' dir='ltr'><strong>sed</strong></span> <span class='ocrx_word' id='word_1_156' title='bbox 401 1816 586 1853; x_wconf 84' lang='lat' dir='ltr'><strong>adversus</strong></span> <span class='ocrx_word' id='word_1_157' title='bbox 606 1816 658 1861; x_wconf 89' lang='lat' dir='ltr'><strong>B,</strong></span> <span class='ocrx_word' id='word_1_158' title='bbox 686 1814 837 1851; x_wconf 85' lang='lat' dir='ltr'><strong>scilicet</strong></span> <span class='ocrx_word' id='word_1_159' title='bbox 859 1814 943 1850; x_wconf 88' lang='lat' dir='ltr'><strong>adv.</strong></span> <span class='ocrx_word' id='word_1_160' title='bbox 966 1815 1051 1851; x_wconf 86' lang='lat' dir='ltr'><strong>Aa.</strong></span> <span class='ocrx_word' id='word_1_161' title='bbox 1074 1835 1120 1840; x_wconf 94' lang='lat'>—</span> <span class='ocrx_word' id='word_1_162' title='bbox 1143 1814 1324 1850; x_wconf 89' lang='lat' dir='ltr'><strong>acturum</strong></span> <span class='ocrx_word' id='word_1_163' title='bbox 1350 1814 1412 1859; x_wconf 80' lang='lat' dir='ltr'><strong>(sc.</strong></span> <span class='ocrx_word' id='word_1_164' title='bbox 1434 1813 1487 1857; x_wconf 86' lang='lat' dir='ltr'><strong>te,</strong></span> <span class='ocrx_word' id='word_1_165' title='bbox 1511 1811 1560 1858; x_wconf 81' lang='lat' dir='ltr'><strong>cf.</strong></span> 
     </span>
    </p>
   </div>
   <div class='ocr_carea' id='block_1_12' title="bbox 128 1863 1560 1916">
    <p class='ocr_par' dir='ltr' id='par_1_12' title="bbox 128 1863 1560 1916">
     <span class='ocr_line' id='line_1_30' title="bbox 128 1863 1560 1916; baseline -0.003 -12"><span class='ocrx_word' id='word_1_166' title='bbox 128 1879 170 1916; x_wconf 80' lang='lat' dir='ltr'><strong>p.</strong></span> <span class='ocrx_word' id='word_1_167' title='bbox 190 1870 255 1914; x_wconf 86' lang='grc'><strong>22,</strong></span> <span class='ocrx_word' id='word_1_168' title='bbox 277 1870 298 1904; x_wconf 90' lang='grc'><em>1</em></span> <span class='ocrx_word' id='word_1_169' title='bbox 325 1871 362 1904; x_wconf 83' lang='lat' dir='ltr'><strong>et</strong></span> <span class='ocrx_word' id='word_1_170' title='bbox 385 1867 472 1904; x_wconf 82' lang='lat' dir='ltr'><strong>vide</strong></span> <span class='ocrx_word' id='word_1_171' title='bbox 499 1867 633 1903; x_wconf 80' lang='lat' dir='ltr'><strong>Kraut</strong></span> <span class='ocrx_word' id='word_1_172' title='bbox 657 1877 693 1912; x_wconf 84' lang='lat' dir='ltr'><strong>p.</strong></span> <span class='ocrx_word' id='word_1_173' title='bbox 718 1868 796 1911; x_wconf 88' lang='lat'><strong>10),</strong></span> <span class='ocrx_word' id='word_1_174' title='bbox 823 1866 867 1901; x_wconf 92' lang='lat' dir='ltr'><strong>ut</strong></span> <span class='ocrx_word' id='word_1_175' title='bbox 893 1863 1158 1911; x_wconf 84' lang='lat' dir='ltr'><strong>praestantior</strong></span> <span class='ocrx_word' id='word_1_176' title='bbox 1186 1864 1252 1910; x_wconf 80' lang='lat' dir='ltr'><strong>(cf.</strong></span> <span class='ocrx_word' id='word_1_177' title='bbox 1270 1875 1409 1912; x_wconf 73' lang='lat' dir='ltr'><strong>paney.</strong></span> <span class='ocrx_word' id='word_1_178' title='bbox 1431 1865 1492 1908; x_wconf 86' lang='grc'><strong>88,</strong></span> <span class='ocrx_word' id='word_1_179' title='bbox 1519 1865 1560 1909; x_wconf 88' lang='lat'><strong>6)</strong></span> 
     </span>
    </p>
   </div>
   <div class='ocr_carea' id='block_1_13' title="bbox 133 1913 1568 2568">
    <p class='ocr_par' dir='ltr' id='par_1_13' title="bbox 133 1913 1568 2568">
     <span class='ocr_line' id='line_1_31' title="bbox 133 1913 1563 1966; baseline -0.004 -11"><span class='ocrx_word' id='word_1_180' title='bbox 133 1918 207 1955; x_wconf 78' lang='lat' dir='ltr'><strong>cet.</strong></span> <span class='ocrx_word' id='word_1_181' title='bbox 233 1917 358 1965; x_wconf 83' lang='lat' dir='ltr'><strong>praef.</strong></span> <span class='ocrx_word' id='word_1_182' title='bbox 386 1929 451 1966; x_wconf 72' lang='lat' dir='ltr'><strong>eqo</strong></span> <span class='ocrx_word' id='word_1_183' title='bbox 484 1917 588 1964; x_wconf 83' lang='lat' dir='ltr'><strong>(vide</strong></span> <span class='ocrx_word' id='word_1_184' title='bbox 614 1916 666 1952; x_wconf 83' lang='lat' dir='ltr'><strong>ad</strong></span> <span class='ocrx_word' id='word_1_185' title='bbox 696 1916 801 1952; x_wconf 81' lang='lat' dir='ltr'><strong>Trai.</strong></span> <span class='ocrx_word' id='word_1_186' title='bbox 825 1918 873 1953; x_wconf 86' lang='lat'><strong>79</strong></span> <span class='ocrx_word' id='word_1_187' title='bbox 898 1915 1008 1963; x_wconf 87' lang='grc'><em>[83],</em></span> <span class='ocrx_word' id='word_1_188' title='bbox 1035 1917 1081 1960; x_wconf 91' lang='grc'><strong>3,·</strong></span> <span class='ocrx_word' id='word_1_189' title='bbox 1106 1925 1247 1962; x_wconf 76' lang='lat' dir='ltr'><strong>paney.</strong></span> <span class='ocrx_word' id='word_1_190' title='bbox 1270 1916 1334 1960; x_wconf 77' lang='lat'><strong>62,</strong></span> <span class='ocrx_word' id='word_1_191' title='bbox 1359 1918 1407 1959; x_wconf 81' lang='grc'><strong>2;</strong></span> <span class='ocrx_word' id='word_1_192' title='bbox 1439 1913 1489 1959; x_wconf 80' lang='lat' dir='ltr'><strong>cf.</strong></span> <span class='ocrx_word' id='word_1_193' title='bbox 1510 1913 1563 1949; x_wconf 80' lang='lat' dir='ltr'><strong>ad</strong></span> 
     </span>
     <span class='ocr_line' id='line_1_32' title="bbox 138 1963 1562 2017; baseline -0.004 -11"><span class='ocrx_word' id='word_1_194' title='bbox 138 1969 244 2006; x_wconf 77' lang='lat' dir='ltr'><strong>Trai.</strong></span> <span class='ocrx_word' id='word_1_195' title='bbox 265 1970 316 2006; x_wconf 83' lang='lat'><strong>38</strong></span> <span class='ocrx_word' id='word_1_196' title='bbox 340 1968 460 2017; x_wconf 79' lang='lat'><strong>[47],·</strong></span> <span class='ocrx_word' id='word_1_197' title='bbox 494 1970 543 2004; x_wconf 82' lang='lat'><strong>78</strong></span> <span class='ocrx_word' id='word_1_198' title='bbox 568 1966 677 2015; x_wconf 72' lang='lat'><strong>[82],</strong></span> <span class='ocrx_word' id='word_1_199' title='bbox 710 1969 756 2011; x_wconf 77' lang='lat'><strong>2‚·</strong></span> <span class='ocrx_word' id='word_1_200' title='bbox 789 1969 838 2003; x_wconf 89' lang='lat'><strong>99</strong></span> <span class='ocrx_word' id='word_1_201' title='bbox 863 1965 986 2014; x_wconf 87' lang='lat'><em>[100]</em></span> <span class='ocrx_word' id='word_1_202' title='bbox 993 1979 1008 2010; x_wconf 88' lang='lat'><strong>,·</strong></span> <span class='ocrx_word' id='word_1_203' title='bbox 1047 1965 1170 2002; x_wconf 69' lang='lat' dir='ltr'><strong>Wien.</strong></span> <span class='ocrx_word' id='word_1_204' title='bbox 1197 1964 1307 2002; x_wconf 76' lang='lat' dir='ltr'><strong>stud.</strong></span> <span class='ocrx_word' id='word_1_205' title='bbox 1335 1963 1465 2001; x_wconf 83' lang='lat' dir='ltr'><strong>XXV</strong></span> <span class='ocrx_word' id='word_1_206' title='bbox 1488 1965 1562 2000; x_wconf 88' lang='lat'><strong>313</strong></span> 
     </span>
     <span class='ocr_line' id='line_1_33' title="bbox 134 2013 1562 2063; baseline -0.005 -7"><span class='ocrx_word' id='word_1_207' title='bbox 134 2022 171 2056; x_wconf 81' lang='lat' dir='ltr'><strong>et</strong></span> <span class='ocrx_word' id='word_1_208' title='bbox 201 2018 356 2056; x_wconf 76' lang='lat' dir='ltr'><strong>edition.</strong></span> <span class='ocrx_word' id='word_1_209' title='bbox 383 2030 506 2055; x_wconf 86' lang='lat' dir='ltr'><strong>meam</strong></span> <span class='ocrx_word' id='word_1_210' title='bbox 539 2029 575 2054; x_wconf 84' lang='lat' dir='ltr'><strong>a.</strong></span> <span class='ocrx_word' id='word_1_211' title='bbox 599 2019 709 2062; x_wconf 68' lang='lat'><strong>1904,</strong></span> <span class='ocrx_word' id='word_1_212' title='bbox 742 2017 796 2053; x_wconf 91' lang='lat' dir='ltr'><strong>II</strong></span> <span class='ocrx_word' id='word_1_213' title='bbox 815 2028 852 2062; x_wconf 84' lang='lat' dir='ltr'><strong>p.</strong></span> <span class='ocrx_word' id='word_1_214' title='bbox 874 2019 948 2053; x_wconf 89' lang='grc'><strong>107</strong></span> <span class='ocrx_word' id='word_1_215' title='bbox 973 2017 1068 2063; x_wconf 78' lang='lat' dir='ltr'><strong>sq.),·</strong></span> <span class='ocrx_word' id='word_1_216' title='bbox 1100 2016 1256 2051; x_wconf 86' lang='lat' dir='ltr'><strong>acturos</strong></span> <span class='ocrx_word' id='word_1_217' title='bbox 1288 2015 1335 2050; x_wconf 91' lang='lat' dir='ltr'><strong>ut</strong></span> <span class='ocrx_word' id='word_1_218' title='bbox 1365 2013 1562 2061; x_wconf 88' lang='lat' dir='ltr'><strong>praefatio</strong></span> 
     </span>
     <span class='ocr_line' id='line_1_34' title="bbox 135 2065 1565 2116; baseline -0.004 -10"><span class='ocrx_word' id='word_1_219' title='bbox 135 2069 207 2106; x_wconf 87' lang='lat' dir='ltr'><strong>cet.</strong></span> <span class='ocrx_word' id='word_1_220' title='bbox 229 2068 351 2116; x_wconf 83' lang='lat' dir='ltr'><strong>praef.</strong></span> <span class='ocrx_word' id='word_1_221' title='bbox 365 2069 416 2115; x_wconf 81' lang='lat' dir='ltr'><strong>A,</strong></span> <span class='ocrx_word' id='word_1_222' title='bbox 443 2069 615 2104; x_wconf 88' lang='lat' dir='ltr'><strong>acturos:</strong></span> <span class='ocrx_word' id='word_1_223' title='bbox 643 2067 688 2102; x_wconf 89' lang='lat' dir='ltr'><strong>ut</strong></span> <span class='ocrx_word' id='word_1_224' title='bbox 709 2065 885 2114; x_wconf 86' lang='lat' dir='ltr'><strong>erogatio</strong></span> <span class='ocrx_word' id='word_1_225' title='bbox 907 2066 981 2103; x_wconf 90' lang='lat' dir='ltr'><strong>cet.</strong></span> <span class='ocrx_word' id='word_1_226' title='bbox 1001 2065 1123 2113; x_wconf 87' lang='lat' dir='ltr'><strong>praef.</strong></span> <span class='ocrx_word' id='word_1_227' title='bbox 1146 2078 1184 2110; x_wconf 88' lang='lat' dir='ltr'><strong>a,</strong></span> <span class='ocrx_word' id='word_1_228' title='bbox 1205 2065 1302 2110; x_wconf 62' lang='lat' dir='ltr'><strong>Cat„</strong></span> <span class='ocrx_word' id='word_1_229' title='bbox 1323 2065 1491 2109; x_wconf 89' lang='lat' dir='ltr'><strong>acturos,</strong></span> <span class='ocrx_word' id='word_1_230' title='bbox 1518 2065 1565 2100; x_wconf 85' lang='lat' dir='ltr'><strong>ut</strong></span> 
     </span>
     <span class='ocr_line' id='line_1_35' title="bbox 133 2114 1563 2167; baseline -0.004 -11"><span class='ocrx_word' id='word_1_231' title='bbox 133 2118 351 2167; x_wconf 82' lang='lat' dir='ltr'><strong>praestatio</strong></span> <span class='ocrx_word' id='word_1_232' title='bbox 388 2120 461 2156; x_wconf 86' lang='lat' dir='ltr'><strong>cet.</strong></span> <span class='ocrx_word' id='word_1_233' title='bbox 489 2117 713 2166; x_wconf 86' lang='lat' dir='ltr'><strong>proferatur</strong></span> <span class='ocrx_word' id='word_1_234' title='bbox 749 2116 824 2162; x_wconf 87' lang='lat' dir='ltr'><strong>Or.,</strong></span> <span class='ocrx_word' id='word_1_235' title='bbox 861 2116 934 2153; x_wconf 72' lang='lat' dir='ltr'><strong>aliz·</strong></span> <span class='ocrx_word' id='word_1_236' title='bbox 968 2116 1062 2161; x_wconf 80' lang='lat' dir='ltr'><strong>alia,</strong></span> <span class='ocrx_word' id='word_1_237' title='bbox 1099 2116 1124 2164; x_wconf 89' lang='lat'><em>†</em></span> <span class='ocrx_word' id='word_1_238' title='bbox 1160 2115 1248 2152; x_wconf 79' lang='lat' dir='ltr'><strong>add.</strong></span> <span class='ocrx_word' id='word_1_239' title='bbox 1278 2115 1330 2151; x_wconf 89' lang='lat' dir='ltr'><strong>K.</strong></span> <span class='ocrx_word' id='word_1_240' title='bbox 1357 2119 1393 2152; x_wconf 80' lang='lat' dir='ltr'><strong>et</strong></span> <span class='ocrx_word' id='word_1_241' title='bbox 1425 2114 1563 2151; x_wconf 79' lang='lat' dir='ltr'><strong>Muell.</strong></span> 
     </span>
     <span class='ocr_line' id='line_1_36' title="bbox 136 2165 1564 2212; baseline -0.005 -5"><span class='ocrx_word' id='word_1_242' title='bbox 136 2173 157 2205; x_wconf 85' lang='lat'><strong>&#39;¹1</strong></span> <span class='ocrx_word' id='word_1_243' title='bbox 185 2169 278 2206; x_wconf 90' lang='lat' dir='ltr'><strong>dum</strong></span> <span class='ocrx_word' id='word_1_244' title='bbox 304 2168 478 2206; x_wconf 82' lang='lat' dir='ltr'><strong>civitatis</strong></span> <span class='ocrx_word' id='word_1_245' title='bbox 504 2180 583 2205; x_wconf 90' lang='lat' dir='ltr'><strong>non</strong></span> <span class='ocrx_word' id='word_1_246' title='bbox 610 2167 689 2203; x_wconf 83' lang='lat' dir='ltr'><strong>sint</strong></span> <span class='ocrx_word' id='word_1_247' title='bbox 717 2166 882 2212; x_wconf 84' lang='lat' dir='ltr'><strong>alienae,</strong></span> <span class='ocrx_word' id='word_1_248' title='bbox 917 2166 986 2202; x_wconf 88' lang='lat' dir='ltr'><strong>sed</strong></span> <span class='ocrx_word' id='word_1_249' title='bbox 1013 2177 1173 2202; x_wconf 84' lang='lat' dir='ltr'><strong>suarum</strong></span> <span class='ocrx_word' id='word_1_250' title='bbox 1201 2165 1367 2212; x_wconf 89' lang='lat' dir='ltr'><strong>quisque</strong></span> <span class='ocrx_word' id='word_1_251' title='bbox 1393 2165 1564 2201; x_wconf 89' lang='lat' dir='ltr'><strong>matrum</strong></span> 
     </span>
     <span class='ocr_line' id='line_1_37' title="bbox 136 2214 1563 2263; baseline -0.004 -6"><span class='ocrx_word' id='word_1_252' title='bbox 136 2220 359 2257; x_wconf 83' lang='lat' dir='ltr'><strong>civitatium</strong></span> <span class='ocrx_word' id='word_1_253' title='bbox 386 2233 421 2257; x_wconf 87' lang='lat' dir='ltr'><strong>a.</strong></span> <span class='ocrx_word' id='word_1_254' title='bbox 553 2221 598 2255; x_wconf 92' lang='lat'><strong>10</strong></span> <span class='ocrx_word' id='word_1_255' title='bbox 626 2217 836 2261; x_wconf 83' lang='lat' dir='ltr'><strong>eiciantur,</strong></span> <span class='ocrx_word' id='word_1_256' title='bbox 864 2217 969 2253; x_wconf 90' lang='lat' dir='ltr'><strong>inter</strong></span> <span class='ocrx_word' id='word_1_257' title='bbox 995 2228 1092 2263; x_wconf 88' lang='lat' dir='ltr'><strong>quas</strong></span> <span class='ocrx_word' id='word_1_258' title='bbox 1118 2214 1219 2252; x_wconf 89' lang='lat' dir='ltr'><strong>nihil</strong></span> <span class='ocrx_word' id='word_1_259' title='bbox 1247 2215 1295 2252; x_wconf 92' lang='lat' dir='ltr'><strong>de</strong></span> <span class='ocrx_word' id='word_1_260' title='bbox 1324 2215 1407 2252; x_wconf 86' lang='lat' dir='ltr'><strong>cive</strong></span> <span class='ocrx_word' id='word_1_261' title='bbox 1434 2214 1563 2251; x_wconf 91' lang='lat' dir='ltr'><strong>alieno</strong></span> 
     </span>
     <span class='ocr_line' id='line_1_38' title="bbox 137 2264 1564 2314; baseline -0.004 -7"><span class='ocrx_word' id='word_1_262' title='bbox 137 2271 307 2308; x_wconf 74' lang='lat' dir='ltr'><strong>cavetur.</strong></span> <span class='ocrx_word' id='word_1_263' title='bbox 335 2270 431 2306; x_wconf 88' lang='lat' dir='ltr'><strong>Inde</strong></span> <span class='ocrx_word' id='word_1_264' title='bbox 458 2282 493 2306; x_wconf 90' lang='lat' dir='ltr'><strong>a.</strong></span> <span class='ocrx_word' id='word_1_265' title='bbox 655 2271 701 2304; x_wconf 83' lang='lat'><strong>14</strong></span> <span class='ocrx_word' id='word_1_266' title='bbox 729 2267 835 2314; x_wconf 91' lang='lat' dir='ltr'><strong>quod</strong></span> <span class='ocrx_word' id='word_1_267' title='bbox 864 2267 1055 2312; x_wconf 82' lang='lat' dir='ltr'><strong>Beroald.,</strong></span> <span class='ocrx_word' id='word_1_268' title='bbox 1083 2267 1150 2312; x_wconf 90' lang='lat' dir='ltr'><strong>K.,</strong></span> <span class='ocrx_word' id='word_1_269' title='bbox 1177 2266 1320 2311; x_wconf 66' lang='lat' dir='ltr'><strong>Hard„</strong></span> <span class='ocrx_word' id='word_1_270' title='bbox 1347 2264 1490 2312; x_wconf 86' lang='lat' dir='ltr'><strong>quibus</strong></span> <span class='ocrx_word' id='word_1_271' title='bbox 1517 2268 1564 2310; x_wconf 81' lang='lat' dir='ltr'><strong>A,</strong></span> 
     </span>
     <span class='ocr_line' id='line_1_39' title="bbox 137 2315 1564 2368; baseline -0.005 -10"><span class='ocrx_word' id='word_1_272' title='bbox 137 2332 162 2358; x_wconf 82' lang='lat' dir='ltr'><strong>a</strong></span> <span class='ocrx_word' id='word_1_273' title='bbox 182 2320 421 2368; x_wconf 82' lang='lat' dir='ltr'><strong>quibusdam</strong></span> <span class='ocrx_word' id='word_1_274' title='bbox 436 2319 531 2365; x_wconf 66' lang='lat' dir='ltr'><strong>Cat„</strong></span> <span class='ocrx_word' id='word_1_275' title='bbox 553 2318 647 2365; x_wconf 90' lang='lat' dir='ltr'><strong>quia</strong></span> <span class='ocrx_word' id='word_1_276' title='bbox 669 2317 719 2354; x_wconf 86' lang='lat' dir='ltr'><strong>ab</strong></span> <span class='ocrx_word' id='word_1_277' title='bbox 741 2316 940 2365; x_wconf 87' lang='lat' dir='ltr'><strong>aliquibus</strong></span> <span class='ocrx_word' id='word_1_278' title='bbox 961 2329 998 2362; x_wconf 86' lang='lat' dir='ltr'><strong>a,</strong></span> <span class='ocrx_word' id='word_1_279' title='bbox 1022 2316 1114 2364; x_wconf 85' lang='lat' dir='ltr'><strong>quia</strong></span> <span class='ocrx_word' id='word_1_280' title='bbox 1135 2328 1158 2352; x_wconf 90' lang='lat' dir='ltr'><strong>a</strong></span> <span class='ocrx_word' id='word_1_281' title='bbox 1179 2315 1416 2363; x_wconf 85' lang='lat' dir='ltr'><strong>quibusdam</strong></span> <span class='ocrx_word' id='word_1_282' title='bbox 1432 2315 1564 2352; x_wconf 77' lang='lat' dir='ltr'><strong>Muell.</strong></span> 
     </span>
     <span class='ocr_line' id='line_1_40' title="bbox 138 2365 1566 2419; baseline -0.004 -11"><span class='ocrx_word' id='word_1_283' title='bbox 138 2375 184 2408; x_wconf 84' lang='grc'><strong>16</strong></span> <span class='ocrx_word' id='word_1_284' title='bbox 206 2382 254 2408; x_wconf 82' lang='lat' dir='ltr'><strong>ea</strong></span> <span class='ocrx_word' id='word_1_285' title='bbox 272 2383 312 2419; x_wconf 91' lang='lat' dir='ltr'><strong>p.</strong></span> <span class='ocrx_word' id='word_1_286' title='bbox 332 2370 357 2407; x_wconf 91' lang='lat' dir='ltr'><strong>l.</strong></span> <span class='ocrx_word' id='word_1_287' title='bbox 380 2381 480 2417; x_wconf 88' lang='lat' dir='ltr'><strong>quae</strong></span> <span class='ocrx_word' id='word_1_288' title='bbox 502 2382 538 2414; x_wconf 88' lang='lat' dir='ltr'><strong>a,</strong></span> <span class='ocrx_word' id='word_1_289' title='bbox 560 2368 701 2414; x_wconf 67' lang='lat' dir='ltr'><strong>Hard„</strong></span> <span class='ocrx_word' id='word_1_290' title='bbox 729 2368 762 2404; x_wconf 90' lang='lat' dir='ltr'><strong>si</strong></span> <span class='ocrx_word' id='word_1_291' title='bbox 783 2368 1031 2404; x_wconf 86' lang='lat' dir='ltr'><strong>revocaretur</strong></span> <span class='ocrx_word' id='word_1_292' title='bbox 1048 2379 1094 2403; x_wconf 89' lang='lat' dir='ltr'><strong>ea</strong></span> <span class='ocrx_word' id='word_1_293' title='bbox 1112 2378 1204 2414; x_wconf 86' lang='lat' dir='ltr'><strong>pars</strong></span> <span class='ocrx_word' id='word_1_294' title='bbox 1225 2365 1325 2414; x_wconf 87' lang='lat' dir='ltr'><strong>legis</strong></span> <span class='ocrx_word' id='word_1_295' title='bbox 1347 2377 1448 2413; x_wconf 87' lang='lat' dir='ltr'><strong>quae</strong></span> <span class='ocrx_word' id='word_1_296' title='bbox 1470 2366 1566 2411; x_wconf 80' lang='lat' dir='ltr'><strong>Cat„</strong></span> 
     </span>
     <span class='ocr_line' id='line_1_41' title="bbox 137 2416 1566 2469; baseline -0.005 -10"><span class='ocrx_word' id='word_1_297' title='bbox 137 2433 262 2469; x_wconf 79' lang='lat' dir='ltr'><strong>eaque</strong></span> <span class='ocrx_word' id='word_1_298' title='bbox 287 2432 379 2468; x_wconf 87' lang='lat' dir='ltr'><strong>pars</strong></span> <span class='ocrx_word' id='word_1_299' title='bbox 400 2420 500 2468; x_wconf 86' lang='lat' dir='ltr'><strong>legis</strong></span> <span class='ocrx_word' id='word_1_300' title='bbox 519 2420 599 2455; x_wconf 90' lang='lat' dir='ltr'><strong>iam</strong></span> <span class='ocrx_word' id='word_1_301' title='bbox 621 2430 680 2466; x_wconf 90' lang='lat' dir='ltr'><strong>pr.</strong></span> <span class='ocrx_word' id='word_1_302' title='bbox 701 2418 896 2464; x_wconf 80' lang='lat' dir='ltr'><strong>Beroald.,</strong></span> <span class='ocrx_word' id='word_1_303' title='bbox 916 2428 964 2455; x_wconf 87' lang='lat' dir='ltr'><strong>ea</strong></span> <span class='ocrx_word' id='word_1_304' title='bbox 982 2429 1021 2464; x_wconf 91' lang='lat' dir='ltr'><strong>p.</strong></span> <span class='ocrx_word' id='word_1_305' title='bbox 1042 2417 1067 2453; x_wconf 90' lang='lat'><strong>1.</strong></span> <span class='ocrx_word' id='word_1_306' title='bbox 1090 2428 1178 2453; x_wconf 89' lang='lat' dir='ltr'><strong>cum</strong></span> <span class='ocrx_word' id='word_1_307' title='bbox 1198 2416 1277 2453; x_wconf 88' lang='lat' dir='ltr'><strong>iam</strong></span> <span class='ocrx_word' id='word_1_308' title='bbox 1297 2428 1354 2463; x_wconf 90' lang='lat' dir='ltr'><strong>pr.</strong></span> <span class='ocrx_word' id='word_1_309' title='bbox 1379 2416 1456 2462; x_wconf 64' lang='lat' dir='ltr'><strong>Or„</strong></span> <span class='ocrx_word' id='word_1_310' title='bbox 1478 2427 1566 2453; x_wconf 90' lang='lat' dir='ltr'><strong>cum</strong></span> 
     </span>
     <span class='ocr_line' id='line_1_42' title="bbox 138 2467 1568 2519; baseline -0.003 -10"><span class='ocrx_word' id='word_1_311' title='bbox 138 2483 186 2509; x_wconf 86' lang='lat' dir='ltr'><strong>ea</strong></span> <span class='ocrx_word' id='word_1_312' title='bbox 204 2483 297 2519; x_wconf 87' lang='lat' dir='ltr'><strong>pars</strong></span> <span class='ocrx_word' id='word_1_313' title='bbox 318 2470 395 2518; x_wconf 88' lang='lat' dir='ltr'><strong>leg.</strong></span> <span class='ocrx_word' id='word_1_314' title='bbox 410 2470 489 2507; x_wconf 87' lang='lat' dir='ltr'><strong>iam</strong></span> <span class='ocrx_word' id='word_1_315' title='bbox 509 2482 568 2516; x_wconf 90' lang='lat' dir='ltr'><strong>pr.</strong></span> <span class='ocrx_word' id='word_1_316' title='bbox 590 2469 642 2506; x_wconf 87' lang='lat' dir='ltr'><strong>K.</strong></span> <span class='ocrx_word' id='word_1_317' title='bbox 659 2469 693 2514; x_wconf 92' lang='lat' dir='ltr'><strong>I,</strong></span> <span class='ocrx_word' id='word_1_318' title='bbox 716 2469 896 2505; x_wconf 77' lang='lat' dir='ltr'><strong>lacunam</strong></span> <span class='ocrx_word' id='word_1_319' title='bbox 916 2468 1034 2505; x_wconf 77' lang='lat' dir='ltr'><strong>indic.</strong></span> <span class='ocrx_word' id='word_1_320' title='bbox 1057 2468 1108 2504; x_wconf 92' lang='lat' dir='ltr'><strong>K.</strong></span> <span class='ocrx_word' id='word_1_321' title='bbox 1126 2468 1187 2513; x_wconf 89' lang='lat' dir='ltr'><strong>II,</strong></span> <span class='ocrx_word' id='word_1_322' title='bbox 1202 2468 1339 2504; x_wconf 82' lang='lat' dir='ltr'><strong>Muell.</strong></span> <span class='ocrx_word' id='word_1_323' title='bbox 1419 2470 1464 2503; x_wconf 83' lang='lat'><strong>23</strong></span> <span class='ocrx_word' id='word_1_324' title='bbox 1486 2467 1568 2505; x_wconf 86' lang='lat' dir='ltr'><strong>La-</strong></span> 
     </span>
     <span class='ocr_line' id='line_1_43' title="bbox 137 2518 1484 2568; baseline -0.004 -8"><span class='ocrx_word' id='word_1_325' title='bbox 137 2534 278 2560; x_wconf 83' lang='lat' dir='ltr'><strong>cwnam</strong></span> <span class='ocrx_word' id='word_1_326' title='bbox 305 2521 469 2568; x_wconf 78' lang='lat' dir='ltr'><strong>explevit</strong></span> <span class='ocrx_word' id='word_1_327' title='bbox 494 2520 622 2557; x_wconf 82' lang='lat' dir='ltr'><strong>Hard.</strong></span> <span class='ocrx_word' id='word_1_328' title='bbox 643 2519 738 2556; x_wconf 79' lang='lat' dir='ltr'><strong>duce</strong></span> <span class='ocrx_word' id='word_1_329' title='bbox 766 2519 862 2565; x_wconf 65' lang='lat' dir='ltr'><strong>Cat„</strong></span> <span class='ocrx_word' id='word_1_330' title='bbox 889 2519 957 2566; x_wconf 75' lang='lat' dir='ltr'><strong>qui</strong></span> <span class='ocrx_word' id='word_1_331' title='bbox 981 2518 1103 2555; x_wconf 77' lang='lat' dir='ltr'><strong>voluit</strong></span> <span class='ocrx_word' id='word_1_332' title='bbox 1127 2528 1287 2555; x_wconf 85' lang='lat' dir='ltr'><strong>manere</strong></span> <span class='ocrx_word' id='word_1_333' title='bbox 1314 2518 1484 2564; x_wconf 86' lang='lat' dir='ltr'><strong>possent.</strong></span> 
     </span>
    </p>
   </div>
   <div class='ocr_carea' id='block_1_14' title="bbox 1554 252 1581 367">
    <p class='ocr_par' dir='ltr' id='par_1_14' title="bbox 1554 252 1581 367">
     <span class='ocr_line' id='line_1_44' title="bbox 1554 252 1581 367; baseline 0 0"><span class='ocrx_word' id='word_1_334' title='bbox 1554 252 1581 367; x_wconf 74' lang='lat' dir='ltr'>ss</span> 
     </span>
    </p>
   </div>
   <div class='ocr_carea' id='block_1_15' title="bbox 1559 591 1601 877">
    <p class='ocr_par' dir='ltr' id='par_1_15' title="bbox 1559 591 1601 877">
     <span class='ocr_line' id='line_1_45' title="bbox 1559 591 1601 877; baseline 0.143 -6"><span class='ocrx_word' id='word_1_335' title='bbox 1559 591 1601 877; x_wconf 85' lang='lat'>[</span> 
     </span>
    </p>
   </div>
   <div class='ocr_carea' id='block_1_16' title="bbox 1581 971 1603 1004">
    <p class='ocr_par' dir='ltr' id='par_1_16' title="bbox 1581 971 1603 1004">
     <span class='ocr_line' id='line_1_46' title="bbox 1581 971 1603 1004; baseline 0 0"><span class='ocrx_word' id='word_1_336' title='bbox 1581 971 1603 1004; x_wconf 83' lang='lat'><strong>3</strong></span> 
     </span>
    </p>
   </div>
   <div class='ocr_carea' id='block_1_17' title="bbox 1561 1087 1575 1389">
    <p class='ocr_par' dir='ltr' id='par_1_17' title="bbox 1561 1087 1575 1389">
     <span class='ocr_line' id='line_1_47' title="bbox 1561 1087 1575 1389; baseline 0 0"><span class='ocrx_word' id='word_1_337' title='bbox 1561 1087 1575 1389; x_wconf 74' lang='grc' dir='ltr'>Ι</span> 
     </span>
    </p>
   </div>
  </div>
 </body>
</html>
