<?xml version="1.0" encoding="UTF-8"?>
<!DOCTYPE html PUBLIC "-//W3C//DTD XHTML 1.0 Transitional//EN"
    "http://www.w3.org/TR/xhtml1/DTD/xhtml1-transitional.dtd">
<html xmlns="http://www.w3.org/1999/xhtml" xml:lang="en" lang="en">
 <head>
  <title>
</title>
<meta http-equiv="Content-Type" content="text/html;charset=utf-8" />
  <meta name='ocr-system' content='tesseract 3.04.00' />
  <meta name='ocr-capabilities' content='ocr_page ocr_carea ocr_par ocr_line ocrx_word'/>
</head>
<body>
  <div class='ocr_page' id='page_1' title='image "./epistularumlibr00plin_0088.png"; bbox 0 0 1630 2678; ppageno 0'>
   <div class='ocr_carea' id='block_1_1' title="bbox 88 451 136 484">
    <p class='ocr_par' dir='ltr' id='par_1_1' title="bbox 88 451 136 484">
     <span class='ocr_line' id='line_1_1' title="bbox 88 451 136 484; baseline 0 0"><span class='ocrx_word' id='word_1_1' title='bbox 88 451 136 484; x_wconf 91' lang='grc'>20</span> 
     </span>
    </p>
   </div>
   <div class='ocr_carea' id='block_1_2' title="bbox 90 814 134 847">
    <p class='ocr_par' dir='ltr' id='par_1_2' title="bbox 90 814 134 847">
     <span class='ocr_line' id='line_1_2' title="bbox 90 814 134 847; baseline -0.023 0"><span class='ocrx_word' id='word_1_2' title='bbox 90 814 134 847; x_wconf 90' lang='grc'>21</span> 
     </span>
    </p>
   </div>
   <div class='ocr_carea' id='block_1_3' title="bbox 92 1299 137 1331">
    <p class='ocr_par' dir='ltr' id='par_1_3' title="bbox 92 1299 137 1331">
     <span class='ocr_line' id='line_1_3' title="bbox 92 1299 137 1331; baseline 0 0"><span class='ocrx_word' id='word_1_3' title='bbox 92 1299 137 1331; x_wconf 88' lang='grc'>22</span> 
     </span>
    </p>
   </div>
   <div class='ocr_carea' id='block_1_4' title="bbox 94 1479 140 1512">
    <p class='ocr_par' dir='ltr' id='par_1_4' title="bbox 94 1479 140 1512">
     <span class='ocr_line' id='line_1_4' title="bbox 94 1479 140 1512; baseline 0 0"><span class='ocrx_word' id='word_1_4' title='bbox 94 1479 140 1512; x_wconf 80' lang='grc'>23</span> 
     </span>
    </p>
   </div>
   <div class='ocr_carea' id='block_1_5' title="bbox 95 1601 142 1634">
    <p class='ocr_par' dir='ltr' id='par_1_5' title="bbox 95 1601 142 1634">
     <span class='ocr_line' id='line_1_5' title="bbox 95 1601 142 1634; baseline 0 0"><span class='ocrx_word' id='word_1_5' title='bbox 95 1601 142 1634; x_wconf 79' lang='grc'>24</span> 
     </span>
    </p>
   </div>
   <div class='ocr_carea' id='block_1_6' title="bbox 161 139 946 194">
    <p class='ocr_par' dir='ltr' id='par_1_6' title="bbox 161 139 946 194">
     <span class='ocr_line' id='line_1_6' title="bbox 161 139 946 194; baseline -0.003 -17"><span class='ocrx_word' id='word_1_6' title='bbox 161 150 219 194; x_wconf 75' lang='lat'>72</span> <span class='ocrx_word' id='word_1_7' title='bbox 753 140 791 178; x_wconf 90' lang='lat' dir='ltr'>C.</span> <span class='ocrx_word' id='word_1_8' title='bbox 812 139 946 177; x_wconf 88' lang='lat' dir='ltr'>PLINI</span> 
     </span>
    </p>
   </div>
   <div class='ocr_carea' id='block_1_7' title="bbox 160 248 1616 1772">
    <p class='ocr_par' dir='ltr' id='par_1_7' title="bbox 160 248 1616 1772">
     <span class='ocr_line' id='line_1_7' title="bbox 160 248 1546 316; baseline -0.01 -12"><span class='ocrx_word' id='word_1_9' title='bbox 160 260 413 316; x_wconf 75' lang='lat' dir='ltr'><strong>supererant</strong></span> <span class='ocrx_word' id='word_1_10' title='bbox 437 256 624 300; x_wconf 87' lang='lat' dir='ltr'>minores</span> <span class='ocrx_word' id='word_1_11' title='bbox 651 252 714 297; x_wconf 90' lang='lat' dir='ltr'>rei</span> <span class='ocrx_word' id='word_1_12' title='bbox 739 253 840 295; x_wconf 90' lang='lat' dir='ltr'>data</span> <span class='ocrx_word' id='word_1_13' title='bbox 865 266 997 308; x_wconf 93' lang='lat' dir='ltr'>opera</span> <span class='ocrx_word' id='word_1_14' title='bbox 1021 250 1141 293; x_wconf 91' lang='lat' dir='ltr'>hunc</span> <span class='ocrx_word' id='word_1_15' title='bbox 1164 248 1213 292; x_wconf 88' lang='lat' dir='ltr'>in</span> <span class='ocrx_word' id='word_1_16' title='bbox 1236 248 1387 292; x_wconf 82' lang='lat' dir='ltr'>locum</span> <span class='ocrx_word' id='word_1_17' title='bbox 1410 261 1546 291; x_wconf 83' lang='lat' dir='ltr'>reser-</span> 
     </span>
     <span class='ocr_line' id='line_1_8' title="bbox 160 307 1546 375; baseline -0.009 -11"><span class='ocrx_word' id='word_1_18' title='bbox 160 320 261 375; x_wconf 84' lang='lat' dir='ltr'>vati,</span> <span class='ocrx_word' id='word_1_19' title='bbox 293 321 473 374; x_wconf 83' lang='lat' dir='ltr'>excepta</span> <span class='ocrx_word' id='word_1_20' title='bbox 491 320 636 359; x_wconf 88' lang='lat' dir='ltr'>tamen</span> <span class='ocrx_word' id='word_1_21' title='bbox 663 313 844 357; x_wconf 82' lang='lat' dir='ltr'><strong>Classici</strong></span> <span class='ocrx_word' id='word_1_22' title='bbox 868 327 1018 367; x_wconf 85' lang='lat' dir='ltr'>uxore,</span> <span class='ocrx_word' id='word_1_23' title='bbox 1050 325 1161 367; x_wconf 88' lang='lat' dir='ltr'>quae</span> <span class='ocrx_word' id='word_1_24' title='bbox 1188 309 1303 353; x_wconf 90' lang='lat' dir='ltr'>sicut</span> <span class='ocrx_word' id='word_1_25' title='bbox 1327 307 1546 366; x_wconf 87' lang='lat' dir='ltr'>implicita</span> 
     </span>
     <span class='ocr_line' id='line_1_9' title="bbox 161 368 1547 437; baseline -0.009 -12"><span class='ocrx_word' id='word_1_26' title='bbox 161 380 480 437; x_wconf 76' lang='lat' dir='ltr'>suspicionibus</span> <span class='ocrx_word' id='word_1_27' title='bbox 499 378 561 420; x_wconf 86' lang='lat' dir='ltr'>ita</span> <span class='ocrx_word' id='word_1_28' title='bbox 590 391 680 419; x_wconf 90' lang='lat' dir='ltr'>non</span> <span class='ocrx_word' id='word_1_29' title='bbox 712 374 816 418; x_wconf 89' lang='lat' dir='ltr'>satis</span> <span class='ocrx_word' id='word_1_30' title='bbox 849 372 1050 417; x_wconf 82' lang='lat' dir='ltr'>convinci</span> <span class='ocrx_word' id='word_1_31' title='bbox 1082 369 1420 428; x_wconf 73' lang='lat' dir='ltr'>probationibus</span> <span class='ocrx_word' id='word_1_32' title='bbox 1451 368 1547 413; x_wconf 78' lang='lat' dir='ltr'>visa</span> 
     </span>
     <span class='ocr_line' id='line_1_10' title="bbox 161 431 1545 491; baseline -0.009 -6"><span class='ocrx_word' id='word_1_33' title='bbox 161 445 238 485; x_wconf 90' lang='lat' dir='ltr'>est.</span> <span class='ocrx_word' id='word_1_34' title='bbox 299 440 412 484; x_wconf 89' lang='lat' dir='ltr'>Nam</span> <span class='ocrx_word' id='word_1_35' title='bbox 451 437 629 482; x_wconf 80' lang='lat' dir='ltr'>Classici</span> <span class='ocrx_word' id='word_1_36' title='bbox 667 434 778 491; x_wconf 88' lang='lat' dir='ltr'>filia,</span> <span class='ocrx_word' id='word_1_37' title='bbox 818 449 929 490; x_wconf 86' lang='lat' dir='ltr'>quae</span> <span class='ocrx_word' id='word_1_38' title='bbox 961 436 1005 476; x_wconf 87' lang='lat' dir='ltr'>et</span> <span class='ocrx_word' id='word_1_39' title='bbox 1036 433 1133 489; x_wconf 89' lang='lat' dir='ltr'>ipsa</span> <span class='ocrx_word' id='word_1_40' title='bbox 1163 431 1279 475; x_wconf 88' lang='lat' dir='ltr'>inter</span> <span class='ocrx_word' id='word_1_41' title='bbox 1307 445 1407 475; x_wconf 85' lang='lat' dir='ltr'>reos</span> <span class='ocrx_word' id='word_1_42' title='bbox 1428 432 1545 486; x_wconf 83' lang='lat' dir='ltr'>erat,</span> 
     </span>
     <span class='ocr_line' id='line_1_11' title="bbox 160 491 1588 557; baseline -0.006 -11"><span class='ocrx_word' id='word_1_43' title='bbox 160 518 215 546; x_wconf 88' lang='lat' dir='ltr'>ne</span> <span class='ocrx_word' id='word_1_44' title='bbox 257 499 574 557; x_wconf 86' lang='lat' dir='ltr'>suspicionibus</span> <span class='ocrx_word' id='word_1_45' title='bbox 616 497 791 554; x_wconf 91' lang='lat' dir='ltr'>quidem</span> <span class='ocrx_word' id='word_1_46' title='bbox 835 495 1051 539; x_wconf 74' lang='lat' dir='ltr'>haerebat.</span> <span class='ocrx_word' id='word_1_47' title='bbox 1114 492 1290 550; x_wconf 87' lang='lat' dir='ltr'>Itaque,</span> <span class='ocrx_word' id='word_1_48' title='bbox 1339 507 1440 536; x_wconf 91' lang='lat' dir='ltr'>cum</span> <span class='ocrx_word' id='word_1_49' title='bbox 1490 491 1545 535; x_wconf 89' lang='lat' dir='ltr'>ad</span> <span class='ocrx_word' id='word_1_50' title='bbox 1571 508 1588 538; x_wconf 77' lang='lat'><strong>⁶</strong></span> 
     </span>
     <span class='ocr_line' id='line_1_12' title="bbox 160 551 1546 612; baseline -0.007 -6"><span class='ocrx_word' id='word_1_51' title='bbox 160 578 318 606; x_wconf 91' lang='lat' dir='ltr'>nomen</span> <span class='ocrx_word' id='word_1_52' title='bbox 349 561 440 604; x_wconf 88' lang='lat' dir='ltr'>eius</span> <span class='ocrx_word' id='word_1_53' title='bbox 471 560 518 602; x_wconf 91' lang='lat' dir='ltr'>in</span> <span class='ocrx_word' id='word_1_54' title='bbox 549 561 742 602; x_wconf 85' lang='lat' dir='ltr'>extrema</span> <span class='ocrx_word' id='word_1_55' title='bbox 782 557 954 600; x_wconf 87' lang='lat' dir='ltr'>actione</span> <span class='ocrx_word' id='word_1_56' title='bbox 985 555 1202 598; x_wconf 81' lang='lat' dir='ltr'>venissem</span> <span class='ocrx_word' id='word_1_57' title='bbox 1234 551 1398 612; x_wconf 90' lang='lat' dir='ltr'>(neque</span> <span class='ocrx_word' id='word_1_58' title='bbox 1428 553 1546 597; x_wconf 87' lang='lat' dir='ltr'>enim</span> 
     </span>
     <span class='ocr_line' id='line_1_13' title="bbox 160 613 1548 671; baseline -0.006 -5"><span class='ocrx_word' id='word_1_59' title='bbox 160 627 211 667; x_wconf 89' lang='lat' dir='ltr'>ut</span> <span class='ocrx_word' id='word_1_60' title='bbox 240 622 365 665; x_wconf 84' lang='lat' dir='ltr'>initio</span> <span class='ocrx_word' id='word_1_61' title='bbox 397 621 459 664; x_wconf 88' lang='lat' dir='ltr'>sic</span> <span class='ocrx_word' id='word_1_62' title='bbox 491 620 618 663; x_wconf 89' lang='lat' dir='ltr'>etiam</span> <span class='ocrx_word' id='word_1_63' title='bbox 653 619 699 662; x_wconf 88' lang='lat' dir='ltr'>in</span> <span class='ocrx_word' id='word_1_64' title='bbox 730 619 815 661; x_wconf 87' lang='lat' dir='ltr'>fine</span> <span class='ocrx_word' id='word_1_65' title='bbox 848 617 1083 661; x_wconf 87' lang='lat' dir='ltr'>verendum</span> <span class='ocrx_word' id='word_1_66' title='bbox 1115 618 1228 671; x_wconf 90' lang='lat' dir='ltr'>erat,</span> <span class='ocrx_word' id='word_1_67' title='bbox 1263 630 1320 658; x_wconf 91' lang='lat' dir='ltr'>ne</span> <span class='ocrx_word' id='word_1_68' title='bbox 1351 629 1431 671; x_wconf 90' lang='lat' dir='ltr'>per</span> <span class='ocrx_word' id='word_1_69' title='bbox 1460 613 1548 658; x_wconf 88' lang='lat' dir='ltr'>hoc</span> 
     </span>
     <span class='ocr_line' id='line_1_14' title="bbox 160 674 1547 735; baseline -0.006 -8"><span class='ocrx_word' id='word_1_70' title='bbox 160 684 294 727; x_wconf 89' lang='lat' dir='ltr'>totius</span> <span class='ocrx_word' id='word_1_71' title='bbox 335 681 624 726; x_wconf 70' lang='lat' dir='ltr'>accusationis</span> <span class='ocrx_word' id='word_1_72' title='bbox 666 679 904 723; x_wconf 71' lang='lat' dir='ltr'>auctoritas</span> <span class='ocrx_word' id='word_1_73' title='bbox 936 674 1247 735; x_wconf 87' lang='lat' dir='ltr'>minueretur),</span> <span class='ocrx_word' id='word_1_74' title='bbox 1290 674 1547 720; x_wconf 88' lang='lat' dir='ltr'>honestissi-</span> 
     </span>
     <span class='ocr_line' id='line_1_15' title="bbox 161 736 1548 798; baseline -0.006 -10"><span class='ocrx_word' id='word_1_75' title='bbox 161 760 278 788; x_wconf 91' lang='lat' dir='ltr'>mum</span> <span class='ocrx_word' id='word_1_76' title='bbox 320 743 481 787; x_wconf 89' lang='lat' dir='ltr'>credidi</span> <span class='ocrx_word' id='word_1_77' title='bbox 523 757 614 785; x_wconf 90' lang='lat' dir='ltr'>non</span> <span class='ocrx_word' id='word_1_78' title='bbox 656 755 852 798; x_wconf 88' lang='lat' dir='ltr'>premere</span> <span class='ocrx_word' id='word_1_79' title='bbox 896 739 1182 782; x_wconf 89' lang='lat' dir='ltr'>inmerentem</span> <span class='ocrx_word' id='word_1_80' title='bbox 1224 736 1358 794; x_wconf 89' lang='lat' dir='ltr'>idque</span> <span class='ocrx_word' id='word_1_81' title='bbox 1399 736 1548 793; x_wconf 87' lang='lat' dir='ltr'>ipsum</span> 
     </span>
     <span class='ocr_line' id='line_1_16' title="bbox 161 798 1609 857; baseline -0.003 -9"><span class='ocrx_word' id='word_1_82' title='bbox 161 805 251 848; x_wconf 85' lang='lat' dir='ltr'>dixi</span> <span class='ocrx_word' id='word_1_83' title='bbox 282 807 326 848; x_wconf 91' lang='lat' dir='ltr'>et</span> <span class='ocrx_word' id='word_1_84' title='bbox 355 804 490 847; x_wconf 92' lang='lat' dir='ltr'>libere</span> <span class='ocrx_word' id='word_1_85' title='bbox 521 806 565 846; x_wconf 90' lang='lat' dir='ltr'>et</span> <span class='ocrx_word' id='word_1_86' title='bbox 595 802 723 845; x_wconf 85' lang='lat' dir='ltr'>varie.</span> <span class='ocrx_word' id='word_1_87' title='bbox 786 800 902 844; x_wconf 86' lang='lat' dir='ltr'>Nam</span> <span class='ocrx_word' id='word_1_88' title='bbox 940 799 1070 843; x_wconf 89' lang='lat' dir='ltr'>modo</span> <span class='ocrx_word' id='word_1_89' title='bbox 1103 800 1273 857; x_wconf 87' lang='lat' dir='ltr'>legatos</span> <span class='ocrx_word' id='word_1_90' title='bbox 1306 798 1546 856; x_wconf 85' lang='lat' dir='ltr'>interroga·</span> <span class='ocrx_word' id='word_1_91' title='bbox 1571 814 1609 843; x_wconf 81' lang='grc' dir='ltr'>ιο</span> 
     </span>
     <span class='ocr_line' id='line_1_17' title="bbox 160 858 1549 921; baseline -0.005 -12"><span class='ocrx_word' id='word_1_92' title='bbox 160 866 281 921; x_wconf 89' lang='lat' dir='ltr'>bam,</span> <span class='ocrx_word' id='word_1_93' title='bbox 312 865 615 908; x_wconf 85' lang='lat' dir='ltr'>docuissentne</span> <span class='ocrx_word' id='word_1_94' title='bbox 646 878 715 906; x_wconf 91' lang='lat' dir='ltr'>me</span> <span class='ocrx_word' id='word_1_95' title='bbox 741 861 925 918; x_wconf 87' lang='lat' dir='ltr'>aliquid,</span> <span class='ocrx_word' id='word_1_96' title='bbox 967 860 1084 917; x_wconf 87' lang='lat' dir='ltr'>quod</span> <span class='ocrx_word' id='word_1_97' title='bbox 1128 875 1175 904; x_wconf 89' lang='lat' dir='ltr'>re</span> <span class='ocrx_word' id='word_1_98' title='bbox 1206 858 1386 916; x_wconf 89' lang='lat' dir='ltr'>probari</span> <span class='ocrx_word' id='word_1_99' title='bbox 1418 871 1549 916; x_wconf 85' lang='lat' dir='ltr'>posse</span> 
     </span>
     <span class='ocr_line' id='line_1_18' title="bbox 162 921 1550 980; baseline -0.005 -10"><span class='ocrx_word' id='word_1_100' title='bbox 162 926 445 980; x_wconf 86' lang='lat' dir='ltr'>confiderent,</span> <span class='ocrx_word' id='word_1_101' title='bbox 486 925 616 968; x_wconf 92' lang='lat' dir='ltr'>modo</span> <span class='ocrx_word' id='word_1_102' title='bbox 658 923 889 967; x_wconf 83' lang='lat' dir='ltr'>consilium</span> <span class='ocrx_word' id='word_1_103' title='bbox 921 939 946 965; x_wconf 88' lang='lat' dir='ltr'>a</span> <span class='ocrx_word' id='word_1_104' title='bbox 978 924 1131 965; x_wconf 87' lang='lat' dir='ltr'>senatu</span> <span class='ocrx_word' id='word_1_105' title='bbox 1163 921 1386 978; x_wconf 80' lang='lat' dir='ltr'>petebam,</span> <span class='ocrx_word' id='word_1_106' title='bbox 1423 922 1550 977; x_wconf 77' lang='lat' dir='ltr'>puta-</span> 
     </span>
     <span class='ocr_line' id='line_1_19' title="bbox 161 980 1549 1041; baseline -0.005 -10"><span class='ocrx_word' id='word_1_107' title='bbox 161 990 282 1031; x_wconf 85' lang='lat' dir='ltr'>retne</span> <span class='ocrx_word' id='word_1_108' title='bbox 314 987 468 1030; x_wconf 90' lang='lat' dir='ltr'>debere</span> <span class='ocrx_word' id='word_1_109' title='bbox 500 1001 589 1041; x_wconf 91' lang='lat' dir='ltr'>me,</span> <span class='ocrx_word' id='word_1_110' title='bbox 632 985 669 1028; x_wconf 91' lang='lat' dir='ltr'>si</span> <span class='ocrx_word' id='word_1_111' title='bbox 710 999 840 1040; x_wconf 90' lang='lat' dir='ltr'>quam</span> <span class='ocrx_word' id='word_1_112' title='bbox 879 984 1084 1027; x_wconf 91' lang='lat' dir='ltr'>haberem</span> <span class='ocrx_word' id='word_1_113' title='bbox 1115 983 1163 1025; x_wconf 85' lang='lat' dir='ltr'>in</span> <span class='ocrx_word' id='word_1_114' title='bbox 1195 981 1380 1026; x_wconf 87' lang='lat' dir='ltr'>dicendo</span> <span class='ocrx_word' id='word_1_115' title='bbox 1411 980 1549 1026; x_wconf 77' lang='lat' dir='ltr'>facul-</span> 
     </span>
     <span class='ocr_line' id='line_1_20' title="bbox 161 1041 1550 1104; baseline -0.004 -13"><span class='ocrx_word' id='word_1_116' title='bbox 161 1051 314 1104; x_wconf 87' lang='lat' dir='ltr'>tatem,</span> <span class='ocrx_word' id='word_1_117' title='bbox 353 1048 400 1090; x_wconf 88' lang='lat' dir='ltr'>in</span> <span class='ocrx_word' id='word_1_118' title='bbox 431 1047 630 1104; x_wconf 88' lang='lat' dir='ltr'>iugulum</span> <span class='ocrx_word' id='word_1_119' title='bbox 668 1045 912 1088; x_wconf 84' lang='lat' dir='ltr'>innocentis</span> <span class='ocrx_word' id='word_1_120' title='bbox 946 1044 1071 1100; x_wconf 90' lang='lat' dir='ltr'>quasi</span> <span class='ocrx_word' id='word_1_121' title='bbox 1102 1044 1241 1087; x_wconf 89' lang='lat' dir='ltr'>telum</span> <span class='ocrx_word' id='word_1_122' title='bbox 1272 1041 1455 1100; x_wconf 87' lang='lat' dir='ltr'>aliquod</span> <span class='ocrx_word' id='word_1_123' title='bbox 1484 1042 1550 1085; x_wconf 88' lang='lat' dir='ltr'>in-</span> 
     </span>
     <span class='ocr_line' id='line_1_21' title="bbox 161 1102 1611 1165; baseline -0.002 -13"><span class='ocrx_word' id='word_1_124' title='bbox 161 1109 353 1165; x_wconf 86' lang='lat' dir='ltr'>tendere;</span> <span class='ocrx_word' id='word_1_125' title='bbox 402 1111 622 1164; x_wconf 86' lang='lat' dir='ltr'>postremo</span> <span class='ocrx_word' id='word_1_126' title='bbox 672 1109 816 1150; x_wconf 89' lang='lat' dir='ltr'>totum</span> <span class='ocrx_word' id='word_1_127' title='bbox 864 1107 1011 1149; x_wconf 92' lang='lat' dir='ltr'>locum</span> <span class='ocrx_word' id='word_1_128' title='bbox 1061 1105 1146 1148; x_wconf 89' lang='lat' dir='ltr'>hoc</span> <span class='ocrx_word' id='word_1_129' title='bbox 1194 1104 1283 1148; x_wconf 87' lang='lat' dir='ltr'>fine</span> <span class='ocrx_word' id='word_1_130' title='bbox 1333 1102 1551 1148; x_wconf 83' lang='lat' dir='ltr'>conclusi:</span> <span class='ocrx_word' id='word_1_131' title='bbox 1573 1120 1611 1149; x_wconf 68' lang='grc' dir='ltr'>ιε</span> 
     </span>
     <span class='ocr_line' id='line_1_22' title="bbox 163 1164 1550 1224; baseline -0.004 -11"><span class='ocrx_word' id='word_1_132' title='bbox 163 1169 305 1213; x_wconf 78' lang='lat' dir='ltr'>‘Dicet</span> <span class='ocrx_word' id='word_1_133' title='bbox 335 1169 493 1224; x_wconf 90' lang='lat' dir='ltr'>aliquis</span> <span class='ocrx_word' id='word_1_134' title='bbox 526 1167 728 1211; x_wconf 73' lang='lat' dir='ltr'>«Iudicas</span> <span class='ocrx_word' id='word_1_135' title='bbox 767 1166 955 1224; x_wconf 82' lang='lat' dir='ltr'>ergo?»,</span> <span class='ocrx_word' id='word_1_136' title='bbox 1000 1181 1081 1224; x_wconf 89' lang='lat' dir='ltr'>ego</span> <span class='ocrx_word' id='word_1_137' title='bbox 1124 1180 1228 1209; x_wconf 85' lang='lat' dir='ltr'>vero</span> <span class='ocrx_word' id='word_1_138' title='bbox 1266 1179 1359 1209; x_wconf 92' lang='lat' dir='ltr'>non</span> <span class='ocrx_word' id='word_1_139' title='bbox 1389 1164 1550 1220; x_wconf 79' lang='lat' dir='ltr'>iudico,</span> 
     </span>
     <span class='ocr_line' id='line_1_23' title="bbox 161 1224 1551 1273; baseline -0.004 0"><span class='ocrx_word' id='word_1_140' title='bbox 161 1230 340 1273; x_wconf 90' lang='lat' dir='ltr'>memini</span> <span class='ocrx_word' id='word_1_141' title='bbox 389 1233 536 1272; x_wconf 88' lang='lat' dir='ltr'>tamen</span> <span class='ocrx_word' id='word_1_142' title='bbox 585 1244 654 1272; x_wconf 91' lang='lat' dir='ltr'>me</span> <span class='ocrx_word' id='word_1_143' title='bbox 704 1229 963 1271; x_wconf 85' lang='lat' dir='ltr'>advocatum</span> <span class='ocrx_word' id='word_1_144' title='bbox 1008 1243 1061 1270; x_wconf 86' lang='lat' dir='ltr'>ex</span> <span class='ocrx_word' id='word_1_145' title='bbox 1105 1226 1326 1271; x_wconf 89' lang='lat' dir='ltr'>iudicibus</span> <span class='ocrx_word' id='word_1_146' title='bbox 1370 1224 1551 1269; x_wconf 66' lang='lat' dir='ltr'>datum?</span> 
     </span>
     <span class='ocr_line' id='line_1_24' title="bbox 162 1286 1551 1344; baseline -0.003 -10"><span class='ocrx_word' id='word_1_147' title='bbox 162 1290 248 1334; x_wconf 90' lang='lat' dir='ltr'>Hic</span> <span class='ocrx_word' id='word_1_148' title='bbox 289 1290 666 1334; x_wconf 86' lang='lat' dir='ltr'>numerosissimae</span> <span class='ocrx_word' id='word_1_149' title='bbox 711 1305 864 1333; x_wconf 89' lang='lat' dir='ltr'>causae</span> <span class='ocrx_word' id='word_1_150' title='bbox 905 1289 1116 1331; x_wconf 88' lang='lat' dir='ltr'>terminus</span> <span class='ocrx_word' id='word_1_151' title='bbox 1157 1288 1246 1331; x_wconf 88' lang='lat' dir='ltr'>fuit</span> <span class='ocrx_word' id='word_1_152' title='bbox 1286 1286 1551 1344; x_wconf 84' lang='lat' dir='ltr'>quibusdam</span> 
     </span>
     <span class='ocr_line' id='line_1_25' title="bbox 163 1346 1551 1408; baseline -0.001 -14"><span class='ocrx_word' id='word_1_153' title='bbox 163 1350 387 1407; x_wconf 85' lang='lat' dir='ltr'>absolutis,</span> <span class='ocrx_word' id='word_1_154' title='bbox 407 1351 608 1407; x_wconf 90' lang='lat' dir='ltr'>pluribus</span> <span class='ocrx_word' id='word_1_155' title='bbox 635 1350 848 1394; x_wconf 89' lang='lat' dir='ltr'>damnatis</span> <span class='ocrx_word' id='word_1_156' title='bbox 882 1353 1013 1406; x_wconf 85' lang='lat' dir='ltr'>atque</span> <span class='ocrx_word' id='word_1_157' title='bbox 1045 1350 1177 1393; x_wconf 89' lang='lat' dir='ltr'>etiam</span> <span class='ocrx_word' id='word_1_158' title='bbox 1201 1349 1423 1408; x_wconf 82' lang='lat' dir='ltr'>relegatis,</span> <span class='ocrx_word' id='word_1_159' title='bbox 1453 1346 1551 1392; x_wconf 77' lang='lat' dir='ltr'>aljis</span> 
     </span>
     <span class='ocr_line' id='line_1_26' title="bbox 165 1412 1612 1468; baseline -0.001 -13"><span class='ocrx_word' id='word_1_160' title='bbox 165 1412 211 1455; x_wconf 90' lang='lat' dir='ltr'>in</span> <span class='ocrx_word' id='word_1_161' title='bbox 241 1415 430 1468; x_wconf 87' lang='lat' dir='ltr'>tempus,</span> <span class='ocrx_word' id='word_1_162' title='bbox 463 1412 558 1455; x_wconf 88' lang='lat' dir='ltr'>aliis</span> <span class='ocrx_word' id='word_1_163' title='bbox 590 1412 636 1454; x_wconf 91' lang='lat' dir='ltr'>in</span> <span class='ocrx_word' id='word_1_164' title='bbox 667 1415 938 1468; x_wconf 90' lang='lat' dir='ltr'>perpetuum.</span> <span class='ocrx_word' id='word_1_165' title='bbox 1575 1425 1612 1453; x_wconf 73' lang='lat' dir='ltr'>so</span> 
     </span>
     <span class='ocr_line' id='line_1_27' title="bbox 244 1469 1553 1527; baseline -0.001 -12"><span class='ocrx_word' id='word_1_166' title='bbox 244 1472 409 1515; x_wconf 86' lang='lat' dir='ltr'>Eodem</span> <span class='ocrx_word' id='word_1_167' title='bbox 442 1476 614 1515; x_wconf 90' lang='lat' dir='ltr'>senatus</span> <span class='ocrx_word' id='word_1_168' title='bbox 647 1472 848 1516; x_wconf 91' lang='lat' dir='ltr'>consulto</span> <span class='ocrx_word' id='word_1_169' title='bbox 881 1471 1113 1527; x_wconf 89' lang='lat' dir='ltr'>industria,</span> <span class='ocrx_word' id='word_1_170' title='bbox 1145 1471 1271 1527; x_wconf 86' lang='lat' dir='ltr'>fides,</span> <span class='ocrx_word' id='word_1_171' title='bbox 1304 1469 1553 1514; x_wconf 76' lang='lat' dir='ltr'>constantia</span> 
     </span>
     <span class='ocr_line' id='line_1_28' title="bbox 166 1531 1551 1590; baseline -0.001 -15"><span class='ocrx_word' id='word_1_172' title='bbox 166 1536 316 1575; x_wconf 90' lang='lat' dir='ltr'>nostra</span> <span class='ocrx_word' id='word_1_173' title='bbox 345 1534 596 1588; x_wconf 89' lang='lat' dir='ltr'>plenissimo</span> <span class='ocrx_word' id='word_1_174' title='bbox 629 1533 881 1577; x_wconf 88' lang='lat' dir='ltr'>testimonio</span> <span class='ocrx_word' id='word_1_175' title='bbox 920 1533 1206 1589; x_wconf 89' lang='lat' dir='ltr'>comprobata</span> <span class='ocrx_word' id='word_1_176' title='bbox 1243 1534 1328 1588; x_wconf 89' lang='lat' dir='ltr'>est,</span> <span class='ocrx_word' id='word_1_177' title='bbox 1367 1531 1551 1590; x_wconf 87' lang='lat' dir='ltr'>dignum</span> 
     </span>
     <span class='ocr_line' id='line_1_29' title="bbox 168 1591 1552 1650; baseline 0 -14"><span class='ocrx_word' id='word_1_178' title='bbox 168 1593 396 1648; x_wconf 90' lang='lat' dir='ltr'>solumque</span> <span class='ocrx_word' id='word_1_179' title='bbox 427 1609 505 1650; x_wconf 89' lang='lat' dir='ltr'>par</span> <span class='ocrx_word' id='word_1_180' title='bbox 535 1595 723 1650; x_wconf 81' lang='lat' dir='ltr'>pretium</span> <span class='ocrx_word' id='word_1_181' title='bbox 754 1595 866 1637; x_wconf 85' lang='lat' dir='ltr'>tanti</span> <span class='ocrx_word' id='word_1_182' title='bbox 896 1594 1071 1637; x_wconf 88' lang='lat' dir='ltr'>laboris.</span> <span class='ocrx_word' id='word_1_183' title='bbox 1135 1592 1374 1650; x_wconf 86' lang='lat' dir='ltr'>Concipere</span> <span class='ocrx_word' id='word_1_184' title='bbox 1405 1591 1552 1636; x_wconf 82' lang='lat' dir='ltr'>animo</span> 
     </span>
     <span class='ocr_line' id='line_1_30' title="bbox 168 1653 1553 1713; baseline 0 -17"><span class='ocrx_word' id='word_1_185' title='bbox 168 1657 311 1710; x_wconf 89' lang='lat' dir='ltr'>potes,</span> <span class='ocrx_word' id='word_1_186' title='bbox 345 1669 474 1709; x_wconf 89' lang='lat' dir='ltr'>quam</span> <span class='ocrx_word' id='word_1_187' title='bbox 518 1655 650 1697; x_wconf 89' lang='lat' dir='ltr'>simus</span> <span class='ocrx_word' id='word_1_188' title='bbox 694 1655 885 1713; x_wconf 78' lang='lat' dir='ltr'>fatigati,</span> <span class='ocrx_word' id='word_1_189' title='bbox 917 1655 1076 1711; x_wconf 90' lang='lat' dir='ltr'>quibus</span> <span class='ocrx_word' id='word_1_190' title='bbox 1117 1655 1281 1698; x_wconf 83' lang='lat' dir='ltr'>totiens</span> <span class='ocrx_word' id='word_1_191' title='bbox 1322 1653 1553 1712; x_wconf 81' lang='lat' dir='ltr'>agendum,</span> 
     </span>
     <span class='ocr_line' id='line_1_31' title="bbox 168 1713 1616 1772; baseline 0 -14"><span class='ocrx_word' id='word_1_192' title='bbox 168 1715 328 1758; x_wconf 86' lang='lat' dir='ltr'>totiens</span> <span class='ocrx_word' id='word_1_193' title='bbox 378 1716 689 1771; x_wconf 86' lang='lat' dir='ltr'>altercandum,</span> <span class='ocrx_word' id='word_1_194' title='bbox 733 1719 823 1759; x_wconf 83' lang='lat' dir='ltr'>tam</span> <span class='ocrx_word' id='word_1_195' title='bbox 875 1716 1004 1759; x_wconf 92' lang='lat' dir='ltr'>multi</span> <span class='ocrx_word' id='word_1_196' title='bbox 1057 1719 1190 1759; x_wconf 88' lang='lat' dir='ltr'>testes</span> <span class='ocrx_word' id='word_1_197' title='bbox 1241 1713 1556 1772; x_wconf 83' lang='lat' dir='ltr'>interrogandi,</span> <span class='ocrx_word' id='word_1_198' title='bbox 1576 1729 1616 1758; x_wconf 69' lang='lat' dir='ltr'>ss</span> 
     </span>
    </p>
   </div>
   <div class='ocr_carea' id='block_1_8' title="bbox 97 1775 1555 1833">
    <p class='ocr_par' dir='ltr' id='par_1_8' title="bbox 97 1775 1555 1833">
     <span class='ocr_line' id='line_1_32' title="bbox 97 1775 1555 1833; baseline 0.002 -18"><span class='ocrx_word' id='word_1_199' title='bbox 97 1782 143 1816; x_wconf 82' lang='lat'>25</span> <span class='ocrx_word' id='word_1_200' title='bbox 171 1775 444 1830; x_wconf 86' lang='lat' dir='ltr'>sublevandi,</span> <span class='ocrx_word' id='word_1_201' title='bbox 487 1775 714 1818; x_wconf 89' lang='lat' dir='ltr'>refutandi.</span> <span class='ocrx_word' id='word_1_202' title='bbox 795 1776 886 1819; x_wconf 91' lang='lat' dir='ltr'>Iam</span> <span class='ocrx_word' id='word_1_203' title='bbox 932 1777 1008 1820; x_wconf 87' lang='lat' dir='ltr'>illa</span> <span class='ocrx_word' id='word_1_204' title='bbox 1052 1792 1185 1833; x_wconf 90' lang='lat' dir='ltr'>quam</span> <span class='ocrx_word' id='word_1_205' title='bbox 1225 1776 1381 1832; x_wconf 85' lang='lat' dir='ltr'>ardua,</span> <span class='ocrx_word' id='word_1_206' title='bbox 1421 1789 1555 1832; x_wconf 88' lang='lat' dir='ltr'>quam</span> 
     </span>
    </p>
   </div>
   <div class='ocr_carea' id='block_1_9' title="bbox 169 1836 1618 2074">
    <p class='ocr_par' dir='ltr' id='par_1_9' title="bbox 169 1836 1618 2074">
     <span class='ocr_line' id='line_1_33' title="bbox 169 1836 1554 1895; baseline 0.001 -17"><span class='ocrx_word' id='word_1_207' title='bbox 169 1836 370 1891; x_wconf 88' lang='lat' dir='ltr'>molesta,</span> <span class='ocrx_word' id='word_1_208' title='bbox 401 1838 469 1878; x_wconf 87' lang='lat' dir='ltr'>tot</span> <span class='ocrx_word' id='word_1_209' title='bbox 499 1851 671 1879; x_wconf 86' lang='lat' dir='ltr'>reorum</span> <span class='ocrx_word' id='word_1_210' title='bbox 704 1838 853 1880; x_wconf 87' lang='lat' dir='ltr'>amicis</span> <span class='ocrx_word' id='word_1_211' title='bbox 886 1840 1051 1881; x_wconf 89' lang='lat' dir='ltr'>secreto</span> <span class='ocrx_word' id='word_1_212' title='bbox 1090 1837 1349 1895; x_wconf 86' lang='lat' dir='ltr'>rogantibus</span> <span class='ocrx_word' id='word_1_213' title='bbox 1380 1851 1554 1895; x_wconf 84' lang='lat' dir='ltr'>negare,</span> 
     </span>
     <span class='ocr_line' id='line_1_34' title="bbox 169 1895 1556 1954; baseline 0.001 -16"><span class='ocrx_word' id='word_1_214' title='bbox 169 1895 497 1939; x_wconf 84' lang='lat' dir='ltr'>adversantibus</span> <span class='ocrx_word' id='word_1_215' title='bbox 530 1898 673 1952; x_wconf 88' lang='lat' dir='ltr'>palam</span> <span class='ocrx_word' id='word_1_216' title='bbox 707 1898 932 1941; x_wconf 65' lang='lat' dir='ltr'>obsistere}</span> <span class='ocrx_word' id='word_1_217' title='bbox 971 1899 1171 1942; x_wconf 83' lang='lat' dir='ltr'>Referam</span> <span class='ocrx_word' id='word_1_218' title='bbox 1211 1913 1349 1942; x_wconf 87' lang='lat' dir='ltr'>unum</span> <span class='ocrx_word' id='word_1_219' title='bbox 1387 1897 1556 1954; x_wconf 86' lang='lat' dir='ltr'>aliquid</span> 
     </span>
     <span class='ocr_line' id='line_1_35' title="bbox 170 1956 1555 2015; baseline 0.001 -16"><span class='ocrx_word' id='word_1_220' title='bbox 170 1971 225 1999; x_wconf 83' lang='lat' dir='ltr'>ex</span> <span class='ocrx_word' id='word_1_221' title='bbox 254 1957 325 2012; x_wconf 88' lang='lat' dir='ltr'>iis,</span> <span class='ocrx_word' id='word_1_222' title='bbox 358 1971 468 2012; x_wconf 91' lang='lat' dir='ltr'>quae</span> <span class='ocrx_word' id='word_1_223' title='bbox 500 1957 600 1999; x_wconf 81' lang='lat' dir='ltr'>dixi.</span> <span class='ocrx_word' id='word_1_224' title='bbox 665 1956 773 2000; x_wconf 89' lang='lat' dir='ltr'>Cum</span> <span class='ocrx_word' id='word_1_225' title='bbox 805 1958 912 2001; x_wconf 89' lang='lat' dir='ltr'>mihi</span> <span class='ocrx_word' id='word_1_226' title='bbox 939 1959 1115 2014; x_wconf 88' lang='lat' dir='ltr'>quidam</span> <span class='ocrx_word' id='word_1_227' title='bbox 1147 1975 1170 2002; x_wconf 90' lang='lat' dir='ltr'>e</span> <span class='ocrx_word' id='word_1_228' title='bbox 1196 1959 1415 2003; x_wconf 78' lang='lat' dir='ltr'>iudicibus</span> <span class='ocrx_word' id='word_1_229' title='bbox 1446 1957 1555 2015; x_wconf 87' lang='lat' dir='ltr'>ipsis</span> 
     </span>
     <span class='ocr_line' id='line_1_36' title="bbox 169 2017 1618 2074; baseline 0.003 -15"><span class='ocrx_word' id='word_1_230' title='bbox 169 2031 250 2073; x_wconf 90' lang='lat' dir='ltr'>pro</span> <span class='ocrx_word' id='word_1_231' title='bbox 304 2032 378 2060; x_wconf 92' lang='lat' dir='ltr'>reo</span> <span class='ocrx_word' id='word_1_232' title='bbox 426 2017 740 2074; x_wconf 88' lang='lat' dir='ltr'>gratiosissimo</span> <span class='ocrx_word' id='word_1_233' title='bbox 784 2020 1083 2073; x_wconf 83' lang='lat' dir='ltr'>reclamarent,</span> <span class='ocrx_word' id='word_1_234' title='bbox 1124 2019 1248 2063; x_wconf 74' lang='lat' dir='ltr'>‘Non</span> <span class='ocrx_word' id='word_1_235' title='bbox 1285 2018 1454 2063; x_wconf 87' lang='lat' dir='ltr'>minus&#39;</span> <span class='ocrx_word' id='word_1_236' title='bbox 1492 2019 1557 2062; x_wconf 83' lang='lat' dir='ltr'>in-</span> <span class='ocrx_word' id='word_1_237' title='bbox 1581 2036 1618 2063; x_wconf 76' lang='grc' dir='ltr'><strong><em>ω</em></strong></span> 
     </span>
    </p>
   </div>
   <div class='ocr_carea' id='block_1_10' title="bbox 97 2077 1556 2136">
    <p class='ocr_par' dir='ltr' id='par_1_10' title="bbox 97 2077 1556 2136">
     <span class='ocr_line' id='line_1_37' title="bbox 97 2077 1556 2136; baseline 0.003 -17"><span class='ocrx_word' id='word_1_238' title='bbox 97 2085 145 2118; x_wconf 76' lang='lat'>26</span> <span class='ocrx_word' id='word_1_239' title='bbox 171 2091 301 2133; x_wconf 89' lang='lat' dir='ltr'>quam</span> <span class='ocrx_word' id='word_1_240' title='bbox 338 2077 431 2120; x_wconf 78' lang='lat' dir='ltr'>‘hic</span> <span class='ocrx_word' id='word_1_241' title='bbox 457 2078 662 2121; x_wconf 88' lang='lat' dir='ltr'>innocens</span> <span class='ocrx_word' id='word_1_242' title='bbox 695 2079 796 2134; x_wconf 87' lang='lat' dir='ltr'>erit,</span> <span class='ocrx_word' id='word_1_243' title='bbox 832 2080 869 2122; x_wconf 87' lang='lat' dir='ltr'>si</span> <span class='ocrx_word' id='word_1_244' title='bbox 906 2094 988 2136; x_wconf 89' lang='lat' dir='ltr'>ego</span> <span class='ocrx_word' id='word_1_245' title='bbox 1028 2082 1174 2124; x_wconf 87' lang='lat' dir='ltr'>omnia</span> <span class='ocrx_word' id='word_1_246' title='bbox 1208 2080 1394 2124; x_wconf 82' lang='lat' dir='ltr'>dixero’.</span> <span class='ocrx_word' id='word_1_247' title='bbox 1445 2077 1556 2124; x_wconf 86' lang='lat' dir='ltr'>Gon-</span> 
     </span>
    </p>
   </div>
   <div class='ocr_carea' id='block_1_11' title="bbox 170 2138 1620 2382">
    <p class='ocr_par' dir='ltr' id='par_1_11' title="bbox 170 2138 1620 2382">
     <span class='ocr_line' id='line_1_38' title="bbox 170 2138 1558 2198; baseline 0.004 -18"><span class='ocrx_word' id='word_1_248' title='bbox 170 2138 349 2181; x_wconf 90' lang='lat' dir='ltr'>iectabis</span> <span class='ocrx_word' id='word_1_249' title='bbox 391 2153 444 2181; x_wconf 88' lang='lat' dir='ltr'>ex</span> <span class='ocrx_word' id='word_1_250' title='bbox 474 2138 576 2194; x_wconf 89' lang='lat' dir='ltr'>hoc,</span> <span class='ocrx_word' id='word_1_251' title='bbox 617 2142 800 2194; x_wconf 86' lang='lat' dir='ltr'>quantas</span> <span class='ocrx_word' id='word_1_252' title='bbox 841 2142 1160 2197; x_wconf 87' lang='lat' dir='ltr'>contentiones,</span> <span class='ocrx_word' id='word_1_253' title='bbox 1198 2144 1384 2198; x_wconf 88' lang='lat' dir='ltr'>quantas</span> <span class='ocrx_word' id='word_1_254' title='bbox 1424 2141 1558 2185; x_wconf 88' lang='lat' dir='ltr'>etiam</span> 
     </span>
     <span class='ocr_line' id='line_1_39' title="bbox 172 2198 1558 2259; baseline 0.004 -18"><span class='ocrx_word' id='word_1_255' title='bbox 172 2198 358 2242; x_wconf 86' lang='lat' dir='ltr'>offensas</span> <span class='ocrx_word' id='word_1_256' title='bbox 391 2199 648 2242; x_wconf 89' lang='lat' dir='ltr'>subierimus</span> <span class='ocrx_word' id='word_1_257' title='bbox 690 2200 915 2244; x_wconf 83' lang='lat' dir='ltr'>dumtaxat</span> <span class='ocrx_word' id='word_1_258' title='bbox 955 2201 1008 2244; x_wconf 89' lang='lat' dir='ltr'>ad</span> <span class='ocrx_word' id='word_1_259' title='bbox 1052 2202 1182 2246; x_wconf 86' lang='lat' dir='ltr'>breve</span> <span class='ocrx_word' id='word_1_260' title='bbox 1221 2206 1414 2259; x_wconf 80' lang='lat' dir='ltr'>tempus3</span> <span class='ocrx_word' id='word_1_261' title='bbox 1454 2217 1558 2245; x_wconf 81' lang='lat' dir='ltr'>nam</span> 
     </span>
     <span class='ocr_line' id='line_1_40' title="bbox 170 2258 1558 2320; baseline 0.004 -18"><span class='ocrx_word' id='word_1_262' title='bbox 170 2258 278 2302; x_wconf 90' lang='lat' dir='ltr'>fides</span> <span class='ocrx_word' id='word_1_263' title='bbox 316 2259 363 2302; x_wconf 92' lang='lat' dir='ltr'>in</span> <span class='ocrx_word' id='word_1_264' title='bbox 394 2260 639 2315; x_wconf 89' lang='lat' dir='ltr'>praesentia</span> <span class='ocrx_word' id='word_1_265' title='bbox 663 2275 756 2316; x_wconf 88' lang='lat' dir='ltr'>eos,</span> <span class='ocrx_word' id='word_1_266' title='bbox 782 2262 940 2317; x_wconf 90' lang='lat' dir='ltr'>quibus</span> <span class='ocrx_word' id='word_1_267' title='bbox 966 2263 1141 2317; x_wconf 86' lang='lat' dir='ltr'>resistit,</span> <span class='ocrx_word' id='word_1_268' title='bbox 1174 2264 1371 2320; x_wconf 88' lang='lat' dir='ltr'>offendit,</span> <span class='ocrx_word' id='word_1_269' title='bbox 1401 2262 1558 2307; x_wconf 86' lang='lat' dir='ltr'>deinde</span> 
     </span>
     <span class='ocr_line' id='line_1_41' title="bbox 171 2319 1620 2382; baseline 0.003 -19"><span class='ocrx_word' id='word_1_270' title='bbox 171 2319 226 2364; x_wconf 84' lang='lat' dir='ltr'>ab</span> <span class='ocrx_word' id='word_1_271' title='bbox 258 2319 346 2363; x_wconf 83' lang='lat' dir='ltr'>illis</span> <span class='ocrx_word' id='word_1_272' title='bbox 378 2320 484 2376; x_wconf 91' lang='lat' dir='ltr'>ipsis</span> <span class='ocrx_word' id='word_1_273' title='bbox 510 2321 746 2377; x_wconf 89' lang='lat' dir='ltr'>suspicitur</span> <span class='ocrx_word' id='word_1_274' title='bbox 769 2322 1067 2378; x_wconf 86' lang='lat' dir='ltr'>laudaturque.</span> <span class='ocrx_word' id='word_1_275' title='bbox 1131 2323 1235 2367; x_wconf 88' lang='lat' dir='ltr'>Non</span> <span class='ocrx_word' id='word_1_276' title='bbox 1266 2324 1393 2380; x_wconf 90' lang='lat' dir='ltr'>potui</span> <span class='ocrx_word' id='word_1_277' title='bbox 1418 2323 1558 2382; x_wconf 80' lang='lat' dir='ltr'>magis</span> <span class='ocrx_word' id='word_1_278' title='bbox 1584 2340 1620 2369; x_wconf 72' lang='lat' dir='ltr'>ss</span> 
     </span>
    </p>
   </div>
   <div class='ocr_carea' id='block_1_12' title="bbox 99 2380 1560 2439">
    <p class='ocr_par' dir='ltr' id='par_1_12' title="bbox 99 2380 1560 2439">
     <span class='ocr_line' id='line_1_42' title="bbox 99 2380 1560 2439; baseline 0.004 -18"><span class='ocrx_word' id='word_1_279' title='bbox 99 2387 146 2421; x_wconf 70' lang='lat'>2⁷</span> <span class='ocrx_word' id='word_1_280' title='bbox 171 2382 217 2425; x_wconf 89' lang='lat' dir='ltr'>te</span> <span class='ocrx_word' id='word_1_281' title='bbox 259 2380 307 2423; x_wconf 90' lang='lat' dir='ltr'>in</span> <span class='ocrx_word' id='word_1_282' title='bbox 355 2395 447 2423; x_wconf 90' lang='lat' dir='ltr'>rem</span> <span class='ocrx_word' id='word_1_283' title='bbox 487 2384 758 2438; x_wconf 87' lang='lat' dir='ltr'>praesentem</span> <span class='ocrx_word' id='word_1_284' title='bbox 799 2383 1042 2439; x_wconf 90' lang='lat' dir='ltr'>perducere.</span> <span class='ocrx_word' id='word_1_285' title='bbox 1117 2383 1266 2428; x_wconf 89' lang='lat' dir='ltr'>Dices:</span> <span class='ocrx_word' id='word_1_286' title='bbox 1309 2383 1434 2429; x_wconf 71' lang='lat' dir='ltr'>‘Non</span> <span class='ocrx_word' id='word_1_287' title='bbox 1474 2383 1560 2428; x_wconf 86' lang='lat' dir='ltr'>fuit</span> 
     </span>
    </p>
   </div>
   <div class='ocr_carea' id='block_1_13' title="bbox 171 2441 462 2449">
    <p class='ocr_par' dir='ltr' id='par_1_13' title="bbox 171 2441 462 2449">
     <span class='ocr_line' id='line_1_43' title="bbox 171 2441 462 2449; baseline 0 229"><span class='ocrx_word' id='word_1_288' title='bbox 171 2441 462 2449; x_wconf 95' lang='lat' dir='ltr'> </span> 
     </span>
    </p>
   </div>
   <div class='ocr_carea' id='block_1_14' title="bbox 270 2463 536 2510">
    <p class='ocr_par' dir='ltr' id='par_1_14' title="bbox 270 2463 536 2510">
     <span class='ocr_line' id='line_1_44' title="bbox 270 2463 536 2510; baseline 0.008 -11"><span class='ocrx_word' id='word_1_289' title='bbox 270 2467 316 2499; x_wconf 81' lang='lat'>36</span> <span class='ocrx_word' id='word_1_290' title='bbox 343 2463 400 2500; x_wconf 88' lang='lat' dir='ltr'>fui</span> <span class='ocrx_word' id='word_1_291' title='bbox 424 2464 536 2510; x_wconf 80' lang='lat' dir='ltr'>Fpr.</span> 
     </span>
    </p>
   </div>
  </div>
 </body>
</html>
