1716 2742
175 118 264 164 318
325 99 373 154 οξ
392 115 530 153 PLINI
556 116 621 152 ET
649 115 864 153 TRAIANI
890 116 1254 154 EPISTULARUM
1282 121 1490 156 119-121,

173 231 347 277 dicione
368 230 663 276 certaminum
682 230 827 276 nihilo
848 231 1015 291 minus,
1037 248 1151 291 quae
1172 236 1274 278 ante
1293 237 1598 294 perceperam,

170 310 263 340 non
293 296 572 339 revocantur.

712 360 832 402 CXX.
869 359 1050 414 [OXXI.]

445 437 487 472 C.
509 437 715 472 PLINIUS
744 438 967 473 TRAIANO
994 439 1327 474 IMPERATORI.

264 507 418 566 Usque
451 507 499 551 in
524 508 611 553 hoc
643 511 842 566 tempus,
876 509 1075 566 domine,
1113 525 1259 567 neque
1292 510 1502 568 cuiquam
1535 511 1598 556 di·
1625 525 1642 554 5

169 572 370 630 plomata
390 571 673 616 commodavi
702 586 847 630 neque
874 572 922 615 in
941 587 1035 616 rem
1061 572 1202 617 ullam
1222 572 1311 617 nisi
1329 575 1455 618 tuam
1481 574 1597 620 misi.

169 634 314 687 Quam
347 636 611 692 perpetuam
646 635 943 679 servationem
975 650 1120 679 meam
1158 635 1377 692 quaedam
1408 637 1598 682 necessi-

168 700 236 741 tas
269 697 404 755 rupit.
469 696 614 742 Uxori
647 698 766 741 enim
800 713 926 742 meae
959 698 1112 742 audita
1144 700 1289 743 morte
1321 699 1395 744 avi
1426 699 1599 745 volenti

168 759 224 804 ad
257 760 441 804 amitam
474 774 601 805 suam
635 775 868 805 excurrere
899 776 1031 805 usum
1059 776 1215 805 eorum
1241 777 1405 821 negare
1438 762 1599 808 durum

166 823 340 881 putavi,
375 837 477 867 cum
510 823 613 868 talis
648 823 789 868 officii
821 824 967 882 gratia
993 824 1042 868 in
1068 824 1296 869 celeritate
1322 825 1599 885 consisteret,
1625 841 1662 869 10

168 886 416 944 sciremque
443 888 488 930 te
514 886 734 931 rationem
761 886 934 931 itineris
961 886 1278 945 probaturum,
1310 887 1437 933 cuius
1464 904 1599 934 causa

167 951 262 993 erat
288 949 444 1007 pietas.
509 948 635 994 Haec
661 949 747 993 tibi
774 950 953 1008 scripsi,
986 950 1092 1007 quia
1117 950 1229 994 mihi
1255 966 1415 1009 parum
1442 954 1597 1012 gratus

166 1012 263 1056 fore
296 1011 500 1070 videbar,
534 1012 572 1056 si
605 1012 959 1057 dissimulassem
991 1013 1109 1057 inter
1141 1013 1229 1058 alia
1263 1014 1480 1059 beneficia
1511 1014 1599 1060 hoc

166 1090 307 1119 unum
329 1089 507 1132 quoque
528 1091 599 1119 me
620 1075 779 1120 debere
800 1076 1107 1135 indulgentiae
1133 1079 1258 1135 tuae,
1286 1077 1408 1135 quod
1434 1077 1600 1123 fiducia

166 1138 261 1182 eius
296 1138 424 1195 quasi
467 1139 674 1183 consulto
717 1141 762 1183 te
800 1153 895 1183 non
934 1139 1137 1184 dubitavi
1178 1140 1343 1198 facere,
1387 1155 1521 1199 quem
1561 1141 1599 1187 si
1626 1155 1661 1183 15

167 1201 513 1257 consuluissem,
549 1216 647 1246 sero
681 1201 900 1246 fecissem.

691 1318 833 1359 cxxi.
869 1316 1073 1371 [CXXII]

648 1395 903 1430 TRAIANUS
931 1396 1121 1431 PLINIO.

260 1466 421 1511 Merito
449 1465 667 1524 habuisti,
701 1464 904 1510 Secunde
932 1466 1179 1524 carissime,
1213 1467 1426 1512 fiduciam
1459 1463 1597 1513 animi

166 1529 255 1574 mei
285 1544 369 1574 nec
402 1529 699 1573 dubitandum
731 1528 909 1587 fuisset,
943 1530 981 1574 si
1014 1532 1314 1589 expectasses,
1349 1530 1491 1576 donec
1523 1546 1594 1576 me
1621 1547 1658 1574 20

167 1593 422 1637 consuleres
430 1627 442 1650 ,
476 1608 534 1636 an
565 1592 652 1636 iter
683 1592 837 1637 uxoris
870 1595 975 1637 tuae
1009 1592 1352 1651 diplomatibus,
1385 1609 1499 1652 quae
1534 1594 1598 1639 of-

166 1656 271 1700 ficio
311 1658 390 1700 tuo
426 1655 545 1713 dedi,
585 1655 890 1700 adiuvandum
929 1658 1066 1714 esset,
1106 1671 1209 1701 cum
1249 1656 1369 1715 apud
1412 1657 1596 1702 amitam

166 1734 293 1763 suam
335 1734 450 1763 uxor
491 1721 571 1762 tua
612 1718 794 1763 deberet
843 1718 979 1763 etiam
1023 1719 1249 1764 celeritate
1292 1719 1483 1779 gratiam
1524 1719 1598 1765 ad·

165 1785 326 1826 ventus
361 1782 431 1826 sui
464 1796 638 1841 augere.

268 1910 288 1942 1
316 1907 576 1953 perceperant
602 1907 694 1952 Ba,
718 1906 859 1952 Hard.,
886 1907 1122 1954 peregerant
1146 1907 1212 1953 K„
1242 1906 1374 1944 Muell.
1480 1910 1501 1944 7
1529 1906 1598 1944 ob-

167 1956 427 1993 servationem
456 1956 538 1994 Cat.
644 1961 688 1993 11
717 1957 758 1993 te
784 1968 855 1994 om.
877 1957 928 2003 A,
953 1957 1005 1994 K.
1112 1960 1158 1993 14
1178 1969 1301 1993 unum
1322 1968 1478 2004 quoque
1500 1957 1597 2004 Cat„

167 2008 219 2044 K.
235 2008 271 2053 Ι,
295 2019 419 2043 unum
446 2006 550 2054 quod
577 2019 614 2053 a,
641 2018 719 2044 uno
747 2007 853 2054 quod
873 2007 923 2053 A,
950 2018 1028 2044 uno
1055 2018 1211 2054 quoque
1231 2007 1428 2055 Beroald.,
1454 2019 1597 2045 novum

167 2068 323 2104 quoque
361 2057 439 2103 Or„
485 2057 627 2104 Hard„
673 2069 829 2104 quoque
878 2057 1047 2104 Gesner„
1094 2058 1146 2094 K.
1173 2058 1233 2104 11,
1278 2058 1411 2104 Meron,
1459 2059 1596 2096 Muell.

168 2111 213 2144 15
242 2107 357 2154 quasi
383 2107 560 2144 consulto
587 2109 628 2144 te
648 2108 741 2154 Ba,
766 2109 901 2153 Meron,
930 2120 1008 2155 qua
1033 2107 1257 2145 inconsulto
1277 2109 1318 2145 te
1338 2108 1389 2154 A,
1417 2108 1595 2155 quamvis

166 2158 242 2194 inc.
263 2159 304 2194 te
335 2158 411 2204 Or„
441 2170 679 2205 quamquam
705 2158 782 2195 inc.
809 2159 849 2195 te
878 2158 944 2204 K„
972 2159 1113 2204 Hard„
1142 2158 1279 2196 Muell.
1301 2180 1349 2186 —
1370 2170 1487 2205 quem
1508 2159 1594 2205 Aa,

168 2208 263 2254 Cat„
293 2209 427 2254 Meron,
455 2208 561 2255 quod
587 2209 638 2254 B,
666 2209 808 2255 Hard.,
835 2220 938 2256 quae
965 2209 1031 2255 K,
1060 2209 1197 2247 Muell.
1328 2211 1376 2245 20
1402 2219 1475 2246 nec
1502 2211 1596 2254 (non

168 2258 266 2305 Cat.)
295 2258 560 2295 dubitandum
586 2258 707 2296 fuisse
736 2259 892 2307 (fuisset
919 2260 1011 2305 Ba,
1038 2271 1087 2296 sc.
1111 2259 1160 2297 de
1187 2258 1318 2296 animo
1345 2261 1447 2306 meo)
1475 2259 1508 2296 si
1529 2271 1597 2297 ex-

166 2309 367 2356 pectasses
389 2310 651 2356 (expectasset
677 2310 728 2357 A)
756 2310 899 2355 BAa,
927 2310 1124 2356 Be-roald„
1150 2309 1245 2355 Cat„
1269 2309 1321 2346 K.
1337 2310 1383 2355 1,·
1408 2320 1480 2346 nec
1501 2309 1594 2348 dub.

166 2358 245 2395 fuit
271 2358 378 2408 <tibi
411 2359 541 2396 facere
574 2370 676 2406 quae
703 2371 788 2397 sero
821 2359 1025 2410 fecisses),
1059 2360 1094 2396 si
1127 2361 1376 2407 expectasses
1406 2360 1594 2406 Momms„

167 2409 219 2446 K.
235 2410 289 2446 II
290 2423 304 2454 ;
337 2421 437 2456 quae
465 2409 688 2447 dubitanda
715 2410 874 2456 fuisset,
908 2410 943 2447 si
970 2411 1215 2457 expectasses
1243 2410 1386 2456 Hard„
1417 2421 1489 2447 nec
1515 2409 1593 2447 fuit

165 2458 242 2496 tibi
267 2460 556 2506 expectandum
585 2461 706 2498 Merr.
735 2461 801 2507 (cf.
825 2461 946 2499 Glass.
968 2461 1120 2499 Review
1147 2460 1283 2498 XVII
1303 2461 1384 2508 55),
1416 2460 1482 2498 sed
1507 2461 1593 2498 vide

165 2521 287 2558 supra
312 2521 366 2557 ep.
389 2511 418 2547 Ι
440 2514 501 2556 14,
527 2513 551 2548 3
579 2515 614 2548 et
638 2511 691 2548 ΙΙ
713 2514 749 2558 4,
778 2515 811 2548 1.
