1630 2678
56 753 78 784 4

56 937 77 968 ὃ

109 144 194 188 168
698 138 737 176 0.
764 138 899 175 PLINI

106 253 369 297 adulationis
407 252 616 306 abstinui,
654 266 744 294 non
781 253 1006 306 tamquam
1044 248 1158 292 liber
1195 252 1240 293 et
1280 251 1501 305 constans,

107 315 181 358 sed
218 318 441 370 tamquam
482 313 741 370 intellegens
780 311 992 368 principis
1023 310 1183 366 nostri,
1225 310 1350 354 cuius
1382 309 1499 354 vide-

107 376 206 418 bam
243 376 356 418 hanc
388 388 480 417 esse
519 374 799 430 praecipuam
837 372 1031 428 laudem,
1065 371 1102 414 si
1132 371 1248 415 nihil
1289 372 1415 428 quasi
1446 386 1501 415 ex

106 436 362 480 necessitate
389 435 675 478 decernerem.
721 432 1000 476 Recordabar
1025 433 1158 476 etiam
1183 432 1398 489 plurimos
1425 432 1500 476 ho-

106 512 232 540 nores
271 496 460 553 pessimo
500 496 657 551 cuique
696 495 883 550 delatos,
924 510 950 537 a
992 493 1152 550 quibus
1189 493 1264 538 1110
1305 494 1499 551 optimus

106 557 295 614 separari
333 572 422 600 non
454 556 540 600 alio
575 556 714 613 magis
747 558 921 612 poterat
954 570 1086 611 quam
1120 555 1373 599 diversitate
1405 569 1502 599 0011-

106 618 244 674 sendi3
277 618 394 675 quod
426 618 572 674 ipsum
603 632 694 660 non
725 616 1075 660 dissimulatione
1107 618 1152 660 et
1176 616 1352 660 silentio
1379 630 1501 673 prae-

105 679 220 734 terii,
258 694 312 722 ne
349 679 464 722 forte
501 694 591 722 non
630 678 840 721 iudicium
873 677 984 721 illud
1021 692 1188 734 meum,
1225 677 1301 721 sed
1334 676 1500 720 oblivio

105 740 331 783 videretur.
395 738 494 783 Hoc
537 742 643 783 tunc
688 754 787 797 ego3
833 739 907 782 sed
957 753 1048 782 11011
1093 737 1299 782 omnibus
1349 737 1501 782 eadem

105 802 296 857 placent,
322 816 375 843 ne
402 801 669 844 conveniunt
695 800 884 857 quidem.
941 799 1172 844 Praeterea
1202 799 1394 844 faciendi
1425 799 1501 843 ali-

106 861 210 918 quid
241 876 331 905 non
363 861 606 905 faciendive
638 862 751 905 ratio
779 876 879 905 cum
905 861 1135 905 hominum
1174 861 1373 918 ipsorum
1403 862 1501 904 tum

103 938 247 966 rerum
281 923 411 966 etiam
451 937 502 966 ac
539 926 787 979 temporum
822 922 1080 967 condicione
1111 924 1320 966 mutatur.
1382 920 1501 966 Nam

104 984 293 1027 recentia
335 998 468 1040 opera
508 984 688 1027 maximi
730 983 943 1040 principis
987 983 1201 1040 praebent
1243 983 1501 1029 facultatem

103 1060 228 1101 nova,
255 1059 427 1102 magna,
453 1060 555 1088 vera
582 1045 797 1088 censendi.
831 1044 1000 1096 Quibus
1028 1060 1082 1089 ex
1107 1045 1264 1102 causis,
1289 1046 1341 1088 ut
1366 1058 1500 1102 supra

104 1106 277 1162 scripsi,
322 1105 493 1162 dubito,
537 1122 593 1149 an
636 1106 751 1150 idem
796 1121 914 1150 nunc
958 1106 1040 1150 tibi
1079 1106 1198 1163 quod
1242 1108 1350 1150 tunc
1388 1105 1499 1150 mihi

105 1166 319 1210 suadeam.
364 1165 480 1210 Illud
512 1182 602 1210 non
635 1167 809 1224 dubito,
841 1167 1044 1212 debuisse
1077 1182 1146 1210 me
1178 1166 1225 1210 in
1250 1169 1374 1224 parte
1401 1181 1502 1211 0011-

105 1228 191 1270 silii
222 1228 288 1271 tui
320 1243 501 1284 ponere,
534 1228 639 1284 quid
672 1229 766 1285 ipse
798 1228 1011 1272 fecissem.
1076 1228 1199 1272 Vale.

164 1353 372 1430 κηφῆνας
393 1351 453 1431 q,
466 1346 592 1418 fau*
659 1371 663 1375 -
707 1354 895 1394 XXVIII.

330 1441 371 1473 (J,
392 1441 592 1474 PLINIUS
619 1442 804 1475 PONTIO
831 1442 1084 1475 ALLIFANO
1113 1442 1206 1476 SUO
1235 1442 1273 1476 S.

198 1518 316 1575 Soio,
350 1535 460 1576 quae
480 1521 562 1564 tibi
582 1535 712 1565 causa
731 1522 865 1565 fuerit
883 1522 1219 1579 impedimento,
1245 1537 1334 1579 quo
1355 1522 1500 1565 minus

107 1595 381 1635 praecurrere
402 1581 636 1626 adventum
657 1598 803 1626 meum
821 1584 867 1626 in
889 1582 1174 1640 Campaniam
1192 1597 1356 1640 posses.
1402 1581 1501 1639 Sed,

108 1656 372 1697 quamquam
412 1643 585 1699 absens,
626 1647 745 1687 totus
784 1644 872 1688 11110
914 1644 1135 1702 migrasti:
1175 1646 1350 1688 tantum
1391 1643 1501 1688 mihi

107 1702 330 1757 copiarum
365 1717 451 1758 qua
482 1705 747 1748 urbanarum
788 1721 875 1762 qua
912 1706 1177 1750 rusticarum
1209 1705 1389 1749 nomine
1421 1707 1499 1748 tuo

108 1762 304 1805 oblatum
331 1767 407 1819 est,
432 1779 539 1819 quas
568 1780 717 1809 omnes
738 1766 938 1823 improbe
957 1767 1140 1824 quidem,
1165 1766 1314 1823 accepi
1339 1769 1500 1810 tamen.

106 1822 222 1866 Nam
256 1838 323 1866 me
350 1825 433 1879 tui,
464 1828 514 1868 ut
546 1826 607 1868 ita
632 1827 838 1884 facerem,
871 1828 1106 1886 rogabant,
1139 1830 1183 1871 et
1214 1827 1414 1884 verebar,
1445 1843 1500 1871 ne

108 1886 152 1926 et
171 1883 279 1927 mihi
300 1887 344 1927 et
363 1885 449 1927 illis
470 1886 732 1944 irascereris,
760 1889 796 1931 si
815 1904 906 1932 non
925 1889 1138 1933 fecissem.
1190 1888 1243 1932 In
1261 1891 1502 1946 posterum,

206 2021 227 2052 6
254 2016 329 2052 alio
350 2017 463 2053 modo
483 2018 606 2064 magis
633 2031 669 2063 a,
694 2021 758 2056 sed
784 2021 831 2065 ef.
853 2033 989 2069 paneg.
1013 2026 1072 2066 11,
1091 2024 1136 2066 3,·
1160 2025 1222 2067 89,
1244 2025 1276 2058 1.
1380 2026 1426 2058 10
1451 2032 1501 2058 ne

110 2065 276 2120 Gesner,
295 2066 346 2101 K.
367 2067 419 2102 II
433 2066 546 2112 (disp.
567 2068 615 2103 11
635 2071 710 2114 12),
737 2080 805 2104 nec
826 2071 942 2115 codd„
964 2071 1015 2107 K.
1036 2072 1069 2107 Ι.
1091 2091 1137 2097 —-
1157 2070 1330 2107 faciendi
1349 2070 1499 2116 aliquid

107 2125 183 2150 non
202 2113 416 2150 faciendive
436 2115 535 2150 ratio
551 2116 611 2159 M,
626 2117 676 2151 K.
691 2118 739 2153 ΙΙ
757 2118 868 2164 (disp.
881 2120 930 2155 11
942 2122 993 2165 7),
1015 2119 1167 2164 Maeli„
1189 2119 1215 2156 f.
1231 2130 1265 2156 a.
1279 2131 1316 2156 11.
1331 2119 1500 2156 faciendi

109 2162 336 2207 (faciendive
363 2164 398 2208 ς)
430 2174 521 2199 vera
552 2164 652 2199 ratio
679 2174 747 2210 νς,
781 2166 806 2202 f.
836 2178 869 2203 a.
896 2167 956 2203 vel
987 2180 1063 2204 non
1090 2167 1259 2204 faciendi
1290 2179 1381 2205 vera
1406 2180 1435 2204 r.
1462 2180 1499 2212 a,

110 2212 159 2247 K.
173 2211 207 2255 I,
222 2211 392 2247 faciendi
407 2223 497 2247 vera
516 2213 616 2248 ratio
631 2213 671 2249 D
682 2226 717 2258 p.
820 2216 890 2251 12*
908 2218 1083 2252 mutatur
1097 2218 1149 2254 Μ
1154 2229 1175 2254 r
1184 2225 1220 2262 ς,
1235 2217 1382 2262 Gatan„
1401 2228 1500 2252 nun-

108 2260 232 2295 ciatur
249 2271 287 2305 p,
315 2260 435 2296 initur
454 2262 530 2297 Da
551 2261 745 2307 (innititur
770 2263 814 2306 ἓ).
917 2269 961 2300 19
991 2265 1158 2302 Allifano
1185 2266 1274 2302 add.
1296 2265 1430 2303 Muell.
1457 2270 1501 2302 ut

115 2309 148 2344 V
164 2312 224 2353 14,
247 2309 328 2345 VII
343 2312 377 2344 4.
479 2314 524 2345 24
552 2310 708 2356 quidem
729 2313 813 2348 add.
835 2313 1004 2350 Siehard.
1031 2319 1139 2360 reete,
1164 2315 1212 2360 ef.
1232 2314 1342 2359 infra
1365 2317 1428 2359 29,
1453 2317 1478 2350 3
1486 2329 1500 2359 ;

106 2357 174 2394 IX
196 2359 258 2402 30,
284 2360 330 2402 3;
350 2369 486 2405 paney.
507 2362 569 2403 24,
595 2362 640 2403 4,·
665 2363 725 2404 30,
745 2364 790 2405 2,·
816 2364 876 2406 31,
895 2365 941 2407 2,·
967 2366 1027 2408 32,
1047 2367 1091 2408 4;
1117 2366 1178 2408 42,
1198 2367 1235 2408 4,
1259 2364 1365 2408 sim.;
1388 2363 1500 2400 dissi-

106 2406 207 2443 milis
230 2406 378 2443 videtur
399 2408 478 2443 V11
497 2410 559 2451 21,
580 2412 611 2443 1.
715 2413 760 2444 25
788 2421 847 2446 me
868 2411 1025 2457 Dpra,
1047 2413 1085 2448 et
1106 2413 1165 2457 M,
1186 2412 1237 2448 K.
1259 2412 1441 2458 (debebat
1461 2413 1501 2448 et

105 2455 164 2491 tui
185 2476 230 2482 -
251 2456 291 2491 et
315 2454 411 2501 ego’,
439 2457 602 2502 Muell.).

1527 508 1543 534 5

1528 814 1564 841 10

1526 1120 1561 1147 15

1527 1536 1563 1563 20

1526 1840 1562 1868 25
