1716 2742
551 141 917 179 EPISTULARUM
943 146 1102 180 34—39.
1450 145 1539 190 281

114 255 299 301 ductum
325 259 511 317 erogata
536 260 642 301 sunt
672 256 744 300 ὢ.
797 256 900 302 Hoc
927 272 1106 315 quoque
1131 257 1290 302 relicto
1316 273 1435 302 novo
1462 258 1525 302 im

114 319 280 377 pendio
314 322 383 364 est
415 335 548 378 opus,
580 323 632 364 ut
664 335 827 378 aquam
852 319 1066 376 habeant,
1101 321 1180 378 qui
1206 323 1379 365 tantam
1411 267 1558 401 pecu}

113 381 237 426 niam
268 382 386 426 male
411 382 714 441 perdiderunt.
778 381 801 426 I
835 398 881 427 se
907 384 1091 440 perveni
1118 383 1174 427 ad
1200 383 1373 428 fontem
1399 383 1543 441 puris·
1569 397 1591 430 2

115 443 298 502 simum,
332 460 389 489 ex
409 460 499 503 quo
519 445 696 490 videtur
716 398 1015 504 aqfi'hebere
1035 446 1241 503 perduci,
1274 446 1391 491 sicut
1410 446 1540 490 initio

70 517 90 546 5
113 508 385 565 temptatum
427 510 542 565 erat,
582 511 765 553 arcuato
809 523 963 566 opere,
1003 524 1060 552 ne
1098 511 1276 553 tantum
1316 509 1371 553 ad
1409 509 1545 567 plana

115 569 310 614 civitatis
337 572 383 614 et
406 570 598 615 humilia
622 571 866 628 perveniat.
899 570 1085 615 Manent
1111 572 1258 616 adhuc
1284 571 1544 630 paucissimi

115 646 263 686 arcus:
294 636 487 690 possunt
512 635 558 678 et
590 634 700 692 erigi
728 633 911 691 quidam
937 633 1086 691 lapide
1114 634 1350 692 quadrato,
1385 634 1464 692 qui
1490 649 1545 678 ex

115 695 344 753 superiore
378 711 513 754 opere
546 696 772 741 detractus
806 699 891 754 est3
925 696 1077 754 aliqua
1109 712 1233 754 pars,
1265 700 1317 741 ut
1343 696 1456 740 mihi
1481 697 1544 741 vi-

115 757 265 814 detur,
290 760 486 803 testaceo
514 774 648 817 opere
673 759 929 818 peragenda
956 760 1061 816 erit,
1089 759 1134 803 id
1155 760 1275 803 enim
1297 763 1342 804 et
1365 759 1544 804 facilius

54 831 91 858 10
116 822 162 864 et
204 820 352 865 vilius.
418 820 506 866 Sed
548 822 596 866 in
637 822 795 880 primis
835 822 1136 867 necessarium
1176 825 1244 866 est
1281 823 1402 866 mitti
1435 838 1462 866 a
1498 825 1544 867 te
1571 834 1593 868 3

115 883 189 928 vel
214 883 468 943 aquilegem
493 885 566 929 vel
592 885 905 942 architectum,
931 900 988 928 ne
1013 899 1168 928 rursus
1196 885 1390 942 eveniat,
1415 884 1545 942 quod

74 999 77 1001 ¹
115 945 291 991 accidit.
347 946 449 1006 Ego
482 947 597 991 illud
629 963 770 991 unum
802 947 1012 1004 adfirmo,
1045 950 1089 991 et
1121 947 1364 992 utilitatem
1398 947 1544 1006 operis

46 1020 49 1021 ’
116 1011 162 1053 31
193 1008 577 1067 pulchritudinem
610 1011 788 1055 saeculo
821 1013 902 1054 tuo
936 1026 1031 1055 esse
1065 1010 1388 1069 dignissimam.

590 1127 824 1167 XXXVIII.
859 1124 1069 1179 [XLVII]

53 1224 90 1252 15
595 1218 851 1253 TRAIANUS
878 1219 1069 1254 PLINIO.

211 1296 469 1344 Curandum
501 1303 587 1358 est,
620 1304 671 1345 ut
697 1316 815 1359 aqua
841 1302 889 1345 in
914 1301 1291 1347 Nicomedensem
1317 1302 1546 1347 civitatem

114 1361 399 1419 perducatur.
451 1362 570 1408 Vere
604 1364 736 1408 credo
771 1367 816 1408 te
850 1381 921 1422 ea,
954 1380 1043 1422 qua
1076 1365 1276 1422 debebis,
1311 1365 1547 1424 diligentia

113 1423 202 1469 hoc
234 1439 349 1483 opus
381 1425 709 1485 adgressurum.
777 1425 863 1471 Sed
897 1428 1070 1471 medius
1102 1428 1237 1472 fidius
1270 1428 1326 1472 ad
1360 1427 1546 1472 eandem

114 1485 396 1546 diligentiam
433 1491 559 1534 tuam
597 1490 793 1547 pertinet
831 1490 1076 1547 inquirere,
1119 1506 1312 1548 quorum
1344 1490 1456 1534 vitio
1489 1490 1546 1534 ad

6 1575 8 1577 >
51 1563 90 1591 πο
114 1549 203 1595 1103
221 1552 402 1609 tempus
421 1554 595 1596 tantam
621 1551 859 1610 pecuniam
879 1551 1231 1597 Nicomedenses
1257 1552 1547 1611 perdiderint,

113 1628 190 1671 ne,
229 1612 336 1658 dum
368 1613 486 1659 inter
519 1630 565 1659 se
603 1615 935 1674 gratificantur,
976 1618 1021 1660 et
1053 1615 1366 1660 inchoaverint
1404 1630 1546 1673 aquae

116 1674 277 1747 ductus
298 1679 344 1721 et
361 1677 639 1735 reliquerint.
686 1677 803 1730 Quid
823 1678 976 1735 itaque
997 1678 1287 1736 compereris,
1319 1678 1468 1736 perfer
1498 1679 1546 1722 in
1568 1687 1583 1784 l

115 1741 326 1783 notltiam
358 1755 524 1795 meam..

606 1832 794 1872 XXXIX.
829 1830 1058 1885 [XLVIII]

52 1928 90 1956 25
390 1920 434 1954 C.
455 1920 662 1955 PLINIUS
690 1920 914 1955 TRAIANO
942 1921 1274 1956 IMPERATORI.

211 2001 477 2060 Τ11331111111,
503 2003 703 2060 domine,
728 2002 922 2047 Nicaeae
949 2004 1145 2048 maxima
1170 2004 1260 2048 iam
1288 2007 1415 2062 parte
1442 2019 1546 2048 con·
1573 2016 1593 2049 1

116 2067 357 2123 structum,
409 2065 724 2124 imperfectum
769 2069 940 2123 tamen,
991 2067 1267 2124 sestertium,
1318 2070 1370 2111 ut
1411 2067 1544 2111 audio

117 2127 283 2187 (neque
315 2128 435 2172 enim
468 2129 584 2172 ratio
619 2129 768 2186 operis
802 2144 989 2173 excussa
1022 2128 1109 2188 est)
1151 2130 1344 2187 amplius
1379 2129 1545 2173 centies

115 2190 285 2236 hausit:
331 2206 488 2236 vereor
519 2207 575 2235 ne
613 2191 792 2235 frustra.
856 2190 1122 2249 Ingentibus
1163 2192 1281 2236 enim
1314 2192 1440 2236 rimis
1474 2192 1546 2236 de-
1572 2204 1594 2237 2

0 2297 1 2302 ,
53 2267 91 2294 ³0
116 2254 233 2298 sedit
264 2256 310 2298 et
341 2254 456 2311 hiat,
500 2254 593 2297 sive
628 2254 677 2297 in
716 2269 850 2298 causa
889 2256 1036 2299 solum
1076 2255 1281 2299 umidum
1320 2257 1365 2298 et
1397 2255 1546 2312 molle,

218 2381 240 2414 9
261 2377 488 2425 peragenda
507 2378 559 2422 B,
583 2377 740 2425 agenda
763 2389 800 2423 a,
828 2378 876 2424 cf.
893 2389 935 2425 p.
956 2380 1045 2423 232,
1066 2381 1091 2415 8
1097 2392 1112 2423 ;
1131 2380 1220 2423 284,
1247 2381 1281 2415 9.
1363 2381 1408 2413 22
1431 2377 1547 2424 quid-

117 2427 215 2475 quid
240 2427 444 2474 Schaefer.,
472 2427 522 2464 K.
540 2428 599 2464 ΙΙ.
702 2430 750 2463 28
777 2427 905 2475 operis
927 2428 1065 2465 Muell.
1082 2428 1191 2475 prob.
1214 2428 1267 2465 K.
1282 2428 1333 2464 11
1350 2432 1386 2465 et
1404 2427 1544 2474 Βανά,

116 2477 206 2525 plus
227 2478 321 2523 Ba,
348 2478 419 2515 del.
442 2478 494 2514 K.
510 2479 547 2523 1,
566 2477 725 2525 penitus
746 2477 952 2524 Schaefer„
971 2489 1130 2525 prorsus
1158 2478 1220 2516 Or.
1326 2481 1371 2514 29
1394 2478 1546 2515 desedit

117 2529 169 2574 B,
196 2528 338 2574 Hard„
365 2527 570 2565 descendit
596 2540 633 2573 a,
661 2527 831 2564 discedit
858 2528 1012 2566 Gruter.
