1716 2742
573 124 937 165 EPISTULARUM
963 131 1148 165 97-104,
1482 130 1570 175 311

770 246 813 289 O.
867 246 932 292 01.

419 324 461 359 C.
489 324 695 360 PLINIUS
722 245 950 360 TRAL'ANU¹
973 325 1305 362 IMPERATORI.

244 393 385 452 Vota,
449 394 647 452 domine,
705 395 854 453 priore
913 411 1030 440 anno
1090 397 1349 453 nuncupata
1407 395 1575 439 alacres

148 456 345 515 laetique
378 458 675 516 persolvimus
707 473 914 516 novaque
947 473 1099 503 rursus
1133 461 1331 503 certante
1358 457 1577 502 commili-

106 532 124 561 5
149 521 309 564 tonum
329 522 375 565 et
394 521 739 579 provincialium
766 521 935 579 pietate
962 521 1239 580 suscepimus
1266 520 1437 579 precati
1457 520 1576 574 deos,

151 584 202 627 ut
244 585 290 627 te
334 598 518 642 remque
563 583 792 642 publicam
838 584 1074 629 florentem
1119 587 1165 629 et
1209 585 1481 629 incolumem
1527 598 1579 627 ea

149 645 428 706 benignitate
456 650 703 704 servarent,
736 662 870 705 quam
898 663 1032 705 super
1058 662 1243 707 magnas
1270 647 1578 706 plurimasque

149 708 338 754 virtutes
370 710 612 768 praecipua
639 710 895 767 sanctitate,
929 710 1165 769 obsequio,
1198 710 1382 755 deorum
1408 710 1579 755 honore

151 771 365 818 meruisti.

87 847 124 874 ιο
753 838 816 880 CI.
851 837 978 892 [CIL]

626 916 881 951 TRAIANUS
907 916 1097 951 PLINIO.

246 984 446 1031 Solvisse
487 988 594 1030 vota
642 986 710 1031 dis
755 986 1071 1031 inmortalibus
1123 989 1167 1030 te
1212 988 1453 1044 praeeunte
1498 1001 1580 1044 pro

150 1065 250 1094 mea
274 1049 584 1094 incolumitate
614 1049 945 1094 commilitones
976 1064 1078 1094 cum
1114 1049 1464 1107 provincialibus
1493 1049 1580 1093 lae-

149 1112 327 1157 tissimo
371 1127 592 1157 consensu
633 1114 678 1156 et
718 1113 766 1156 in
808 1112 1011 1156 futurum
1053 1127 1335 1170 nuncupasse
1376 1112 1582 1170 libenter,

89 1185 126 1214 ιδ
152 1175 216 1220 mi
249 1173 453 1220 Secunde
486 1175 726 1233 carissime,
761 1176 956 1235 cognovi
987 1175 1150 1220 litteris
1184 1175 1286 1221 tuis.

730 1304 816 1346 CII.
853 1303 1000 1358 [0111]

428 1382 472 1417 C.
492 1382 699 1417 PLINIUS
727 1382 951 1417 TRAIANO
978 1381 1311 1416 IMPERATORI.

246 1452 399 1511 Diem,
432 1468 521 1511 quo
555 1453 603 1497 in
635 1455 679 1497 te
713 1454 855 1497 tutela
888 1453 1064 1512 generis
1097 1452 1284 1496 humani
1323 1451 1585 1496 felicissima

155 1516 436 1561 successione
467 1516 687 1560 translata
714 1519 799 1574 est,
833 1516 983 1560 debita
1014 1516 1234 1575 religione
1261 1514 1583 1560 celebravimus

91 1589 129 1617 ²0
155 1579 520 1624 commendantes
542 1579 610 1623 dis
636 1579 814 1637 imperii
834 1579 902 1623 tui
922 1578 1180 1624 auctoribus
1211 1580 1256 1623 et
1275 1580 1382 1622 vota
1401 1577 1586 1636 publica

153 1644 199 1688 et
231 1642 406 1702 gaudia.

722 1707 830 1749 GIH.
873 1706 1016 1761 [CIV]

632 1785 887 1820 TRAIANUS
914 1785 1104 1820 PLINIO.

249 1855 383 1901 Diem
415 1856 594 1914 imperii
627 1856 716 1900 mei
748 1855 900 1900 debita
930 1855 1104 1899 laetitia
1137 1857 1182 1900 et
1213 1854 1433 1914 religione
1467 1869 1586 1899 com-

93 1935 131 1964 35
157 1919 439 1964 militonibus
479 1921 524 1964 et
562 1918 915 1977 provincialibus
954 1920 1195 1976 praeeunte
1235 1920 1281 1962 te
1315 1917 1587 1979 celebratum

155 1982 349 2027 libenter
382 1982 576 2042 cognovi
607 1982 771 2026 litteris
805 1982 908 2026 tuis.

738 2110 843 2152 civ.
879 2108 1002 2164 [ov]
1252 2166 1259 2168 ‚

434 2188 477 2223 C.
499 2188 705 2223 PLINIUS
733 2188 957 2222 TRAIANO
985 2187 1318 2222 IMPERATORI.

252 2258 480 2314 Valerius,
514 2258 712 2316 domine,
744 2258 962 2303 Paulinus
990 2260 1176 2316 excepto
1198 2257 1389 2302 Paulino
1416 2257 1486 2301 ius
1507 2256 1589 2301 La-

97 2338 134 2366 zo
159 2322 359 2367 tinorum
393 2337 578 2367 suorum
617 2322 730 2365 mihi
763 2321 964 2380 reliquit3
1005 2337 1060 2366 ex
1094 2321 1256 2379 quibus
1296 2335 1408 2380 rogo
1442 2319 1588 2364 tribus

261 2476 283 2509 3
319 2472 451 2520 priore
489 2483 591 2508 anno
630 2472 822 2516 Momms.,
862 2470 1006 2517 Hard.,
1048 2469 1224 2517 priorum
1261 2481 1452 2507 annorum
1487 2470 1588 2518 vulq.

161 2526 185 2560 4
212 2525 376 2560 curante
403 2524 496 2569 Aa,
523 2523 587 2560 sed
614 2522 662 2568 cf.
679 2533 720 2569 p.
741 2523 829 2567 287,
856 2523 918 2559 27.
1046 2524 1092 2557 29
1120 2520 1288 2558 Paulino
1315 2521 1423 2566 BA,
1447 2531 1526 2557 uno
1553 2533 1589 2558 α.
