1630 2678
158 135 246 180 112
749 130 949 168 C.PLIN1

110 256 132 289 2
158 259 295 314 aeque
327 245 373 287 in
405 243 691 313 quadruplici.
755 242 975 286 Processit
1000 241 1184 295 animus,
1215 243 1267 285 ut
1298 241 1422 298 solet,
1452 242 1548 286 lon·

159 306 276 364 gius·
308 306 430 363 coepi
460 308 676 361 reputare,
707 318 817 360 quos
843 304 889 346 in
920 303 1006 346 hoc
1038 302 1215 359 iudicio,
1237 317 1357 372 quos
1389 303 1438 347 in
1467 303 1546 347 illo

158 367 300 411 socios
332 366 493 417 laboris
525 365 787 408 habuissem.
845 363 975 407 Solus
1008 378 1140 420 eram,
1171 363 1249 420 qui
1281 363 1328 407 in
1358 366 1547 422 utroque

159 427 382 471 dixissem:
434 429 576 469 tantas
622 426 926 470 conversiones
972 427 1048 467 aut
1091 424 1308 482 fragilitas
1353 425 1548 469 mortali-

109 497 132 531 8
158 488 261 532 tatis
294 491 370 531 aut
400 488 599 530 fortunae
632 487 851 530 mobilitas
885 486 1002 529 facit.
1065 484 1253 537 Quidam
1285 501 1339 530 ex
1371 486 1439 543 iis,
1470 486 1547 544 qui
1572 505 1590 533 ο

157 551 263 592 tunc
300 551 494 606 egerant,
533 548 827 603 decesserunt,
865 547 1043 590 exulant
1081 546 1174 603 alii,
1205 546 1310 591 huic
1347 549 1466 592 aetas
1504 550 1549 591 et

157 610 361 653 valetudo
400 610 622 652 silentium
661 608 815 664 suasit,
858 608 930 652 hic
969 610 1125 664 sponte
1163 607 1416 652 beatissimo
1455 609 1547 652 otio

157 670 337 726 fruitur,
374 670 484 713 alius
523 671 759 713 exercitum
799 670 932 727 regit,
974 669 1102 711 illum
1141 668 1345 713 civilibus
1387 669 1546 714 officiis

109 741 133 773 4
158 731 368 788 principis
395 731 586 774 amicitia
611 731 782 774 exemit.
846 729 969 773 Circa
994 744 1075 773 nos
1101 729 1221 787 ipsos
1248 745 1382 787 quam
1408 731 1549 774 multa

158 794 326 835 mutata
375 793 494 834 sunt!
546 790 711 835 Studiis
756 792 1066 848 processimus,
1111 791 1266 835 studiis
1311 791 1548 848 periclitati
1573 810 1610 838 ιο

110 862 131 894 5
158 867 308 896 sumus
349 867 585 908 rursusque
629 853 938 909 processimus:
988 852 1252 908 profuerunt
1299 852 1428 896 nobis
1471 852 1548 896 bo·

158 928 315 956 norum
354 913 588 969 amicitiae,
632 914 844 956 bonorum
884 913 1120 956 obfuerunt
1158 913 1405 970 iterumque
1447 928 1546 983 pro-

110 977 272 1017 6.sunt
336 972 382 1016 Si
414 977 639 1031 computes
682 989 836 1029 annos,
875 974 1082 1031 exiguum
1122 977 1318 1031 tempus,
1359 974 1396 1018 si
1427 975 1546 1019 vices

156 1050 315 1090 rerum,
346 1050 500 1078 aevum
532 1038 677 1104 putes3
711 1035 827 1091 quod
853 1038 999 1091 potest
1024 1051 1117 1079 esse
1143 1035 1408 1079 documento
1433 1035 1547 1079 nihil

159 1095 398 1152 desperare,
429 1096 539 1139 nulli
571 1097 634 1139 rei
659 1096 804 1152 fidere,
836 1111 935 1139 cum
962 1096 1188 1140 videamus
1213 1099 1283 1140 tot
1313 1097 1546 1140 varietates
1572 1115 1609 1144 ιε

111 1164 131 1197 7
158 1158 248 1199 tam
293 1157 477 1199 volubili
522 1157 624 1200 orbe
669 1157 917 1215 circumagi.
979 1157 1090 1200 Mihi
1141 1159 1289 1201 autem
1331 1157 1548 1202 familiare

159 1219 225 1260 est
265 1232 414 1260 omnes
456 1218 743 1274 cogitationes
786 1234 902 1261 meas
945 1221 1090 1262 tecum
1130 1218 1454 1263 communicare
1492 1219 1547 1262 is—

159 1277 344 1334 demque
376 1281 419 1321 te
451 1279 520 1321 vel
545 1279 786 1335 praeceptis
819 1280 888 1322 vel
920 1280 1130 1336 exemplis
1163 1294 1354 1336 monere,
1386 1279 1546 1337 quibus

158 1338 252 1395 ipse
285 1354 353 1381 me
386 1353 560 1395 moneo3
593 1354 702 1396 quae
734 1340 845 1383 ratio
877 1340 1008 1384 huius
1041 1341 1256 1398 epistulae
1287 1341 1384 1384 fuit.
1423 1340 1546 1385 Vale.

176 1481 270 1525 aa,
288 1486 334 1558 s
350 1476 480 1523 :4ssae
786 1478 911 1517 XXV.
1572 1493 1630 1526 20

408 1562 449 1595 e.
472 1563 531 1595 11
536 1563 669 1596 1N1Us
696 1564 876 1597 Messio
904 1565 1104 1599 MAXIMO
1133 1565 1228 1599 SUO
1256 1565 1295 1600 S.
1628 1549 1630 1571 ³

111 1651 130 1684 1
244 1639 510 1697 Scripseram
549 1643 628 1685 tibi
667 1644 902 1687 verendum
942 1660 1051 1702 esse,
1090 1661 1145 1689 ne
1183 1660 1238 1689 ex
1273 1645 1419 1689 tacitis
1458 1645 1546 1688 suf-

158 1701 311 1759 fragiis
338 1702 493 1744 vitium
519 1703 696 1759 aliquod
723 1705 935 1749 existeret.
988 1706 1171 1750 Factum
1198 1709 1275 1750 est.
1326 1706 1545 1750 Proximis
1627 1717 1630 1734 ¹

159 1762 348 1806 comitiis
387 1763 432 1805 in
472 1764 729 1818 quibusdam
768 1766 939 1810 tabellis
982 1768 1122 1811 multa
1162 1767 1373 1811 iocularia
1414 1769 1546 1824 atque

159 1823 290 1866 etiam
322 1823 450 1866 foeda
482 1824 618 1878 dictu,
656 1826 700 1867 in
739 1841 825 1868 una
856 1843 959 1871 vero
991 1844 1072 1885 pro
1105 1828 1436 1872 candidatorum
1468 1843 1546 1871 no·
1567 1846 1608 1885 με

110 1893 132 1926 2
160 1883 350 1926 minibus
390 1885 723 1942 suffragatorum
763 1889 941 1931 nomina
980 1890 1158 1933 inventa
1198 1892 1312 1933 sunt.
1375 1889 1546 1933 Excan-

158 1943 253 1987 duit
301 1948 475 1987 senatus
527 1961 772 2003 magnoque
823 1949 1012 1993 clamore
1057 1951 1115 2006 ei,
1164 1951 1241 2007 qui
1285 1950 1544 2008 scripsisset,
1623 1943 1630 1992 i

158 2004 317 2047 iratum
349 2006 590 2061 principem
624 2010 689 2049 est
720 2013 1031 2064 comprecatus.
1094 2011 1174 2055 Ille
1206 2014 1355 2055 tamen
1386 2010 1546 2055 fefellit
1624 2018 1630 2061 j

110 2075 132 2108 3
158 2068 203 2108 et
232 2065 374 2121 latuit,
412 2066 595 2109 fortasse
634 2068 763 2110 etiam
804 2069 916 2112 inter
954 2071 1231 2130 indignantes
1268 2072 1366 2115 fuit.
1430 2070 1545 2123 Quid
1622 2067 1630 2142 1

155 2126 274 2169 hunc
305 2129 510 2182 putamus
544 2127 662 2170 domi
694 2129 851 2184 facere,
891 2132 965 2186 qui
998 2132 1043 2175 in
1075 2136 1198 2176 tanta
1229 2148 1275 2176 re
1306 2136 1398 2176 tam
1431 2132 1544 2176 serio
1569 2151 1608 2179 so

156 2189 354 2243 tempore
385 2189 475 2229 tam
510 2188 750 2231 scurriliter
782 2165 920 2246 ludat,
960 2194 1034 2248 qui
1068 2193 1254 2250 denique
1287 2208 1466 2239 ommno
1499 2193 1547 2237 in

109 2257 132 2290 4
158 2249 311 2290 senatu
344 2246 470 2290 dicax
501 2252 544 2291 et
575 2249 767 2292 urbanus
800 2253 842 2292 et
874 2252 1013 2296 bellus
1046 2254 1141 2296 est?
1190 2254 1382 2298 Tantum
1412 2254 1546 2298 licen·

156 2308 243 2351 tiae
262 2308 408 2364 pravis
429 2308 614 2366 ingeniis
635 2310 767 2353 adicit
787 2312 862 2354 illa
888 2313 1065 2356 fiducia.
1099 2314 1214 2370 quis
1242 2315 1358 2359 enim
1384 2313 1543 2360 sciet?

256 2443 278 2475 6
302 2442 539 2475 recesserunt
566 2441 661 2476 RF.
