1716 2742
107 337 152 369 21

105 961 149 993 22

103 1149 150 1182 23

103 1337 149 1369 24

102 2023 151 2056 25

102 2210 150 2244 26

184 148 277 194 220
795 144 834 181 O.
863 143 1002 181 PL1N1

182 264 279 306 tum
301 261 594 306 sollemnibus
615 258 780 317 verbis,
809 259 886 304 sed
907 275 1044 303 manu
1064 262 1284 319 gestuque
1305 258 1612 304 demonstrat?

183 322 246 368 At
278 325 397 367 enim
430 324 632 366 futurum
659 324 727 366 est
752 324 820 380 ut,
855 322 894 366 si
920 321 1179 366 dividantur
1205 322 1452 367 sententiae
1479 321 1610 366 inter-

183 386 373 431 ficientis
417 388 461 429 et
501 385 765 444 relegentis,
807 385 1064 442 praevaleat
1107 384 1205 443 illa,
1248 399 1360 443 quae
1403 383 1610 430 absolvit.

184 447 301 502 Quid
328 447 447 492 istud
476 447 531 490 ad
559 447 820 491 censentes?
849 461 961 505 quos
989 450 1108 492 certe
1134 462 1228 492 non
1249 448 1376 493 decet
1402 447 1611 492 omnibus

183 511 371 567 artibus,
405 510 528 554 omni
554 509 728 554 ratione
755 524 977 569 pugnare,
1009 525 1065 554 ne
1086 510 1184 568 fiat,
1213 509 1333 568 quod
1355 512 1423 555 est
1442 509 1608 554 mitius.
1638 524 1655 553 5

183 571 371 630 Oportet
410 575 563 616 tamen
602 587 699 630 eos,
741 572 819 643 qui
865 576 998 618 morte
1036 573 1251 631 puniunt,
1295 574 1340 617 et
1382 571 1460 631 qui
1502 573 1612 616 rele—

181 638 307 694 gant,
348 634 684 680 absolventibus
717 635 935 693 primum,
979 650 1086 680 mox
1117 635 1235 680 inter
1267 649 1314 680 se
1348 635 1611 693 comparari.

181 696 382 755 Scilicet,
419 700 470 741 ut
502 698 550 741 in
582 698 850 756 spectaculis
885 698 1154 755 quibusdam
1188 713 1285 743 sors
1318 698 1515 756 aliquem
1550 712 1614 743 se·

180 761 311 818 ponit
343 775 395 804 ac
428 762 593 818 servat,
629 760 707 818 qui
740 775 842 805 cum
876 757 1049 805 victore
1077 760 1337 819 contendat,
1369 760 1434 806 sic
1467 758 1516 804 in
1548 774 1612 804 se-

179 826 289 867 natu
316 825 421 867 sunt
454 823 606 880 aliqua
631 823 795 880 prima,
830 825 936 868 sunt
963 824 1159 868 secunda
1185 823 1451 881 certamina,
1485 825 1530 867 et
1556 837 1611 867 ex
1638 837 1676 866 ιο

180 886 351 930 duabus
392 886 626 930 sententiis
668 901 785 943 eam,
827 901 941 944 quae
976 886 1181 944 superior
1220 886 1438 944 extiterit,
1478 885 1613 930 tertia

179 951 394 1006 expectat.
462 947 598 1006 Quid,
633 949 752 1005 quod
785 949 933 1006 prima
965 948 1188 994 sententia
1220 948 1513 1007 comprobata
1545 962 1612 993 ce-

178 1014 299 1056 terae
332 1010 648 1069 perimuntur?
701 1009 800 1064 Qua
832 1027 939 1070 ergo
973 1012 1147 1057 ratione
1180 1013 1332 1070 potest
1363 1025 1459 1056 esse
1490 1025 1613 1055 nunc

178 1089 294 1118 unus
338 1076 473 1132 atque
515 1073 632 1118 idem
677 1074 804 1119 locus
846 1074 1189 1132 sententiarum,
1233 1089 1424 1132 quarum
1456 1073 1611 1118 nullus

178 1139 248 1181 est
280 1136 468 1194 postea?
512 1135 699 1181 Planius
731 1139 945 1195 repetam.
1000 1136 1104 1182 Nisi
1137 1137 1313 1183 dicente
1340 1136 1609 1181 sententiam
1637 1150 1674 1180 ιο

178 1214 249 1257 eo,
285 1199 363 1257 qui
395 1199 585 1258 relegat,
618 1199 707 1257 illi,
747 1199 826 1257 qui
859 1200 1056 1258 puniunt
1089 1200 1249 1258 capite,
1291 1198 1422 1244 initio
1457 1198 1609 1243 statim

177 1262 224 1306 in
257 1262 345 1306 alia
377 1261 625 1320 discedant,
658 1262 826 1307 frustra
852 1266 1011 1320 postea
1043 1262 1310 1308 dissentient
1341 1261 1398 1306 ab
1432 1276 1504 1319 eo,
1538 1261 1610 1306 cui

177 1325 312 1382 paulo
342 1327 447 1369 ante
474 1324 794 1370 consenserint.
848 1324 934 1370 Sed
962 1325 1071 1384 quid
1098 1340 1182 1385 ego
1211 1325 1371 1370 similis
1402 1322 1612 1369 docenti?

179 1402 280 1432 cum
315 1387 483 1432 discere
516 1387 674 1445 velim,
713 1403 770 1432 an
804 1388 1048 1433 sententias
1089 1388 1230 1433 dividi
1263 1403 1321 1432 an
1354 1386 1410 1432 iri
1442 1387 1491 1431 in
1523 1386 1611 1432 sin-

178 1450 306 1509 gulas
341 1450 603 1508 oportuerit.
669 1448 857 1495 Obtinui
900 1451 1101 1509 quidem,
1142 1450 1263 1509 quod
1302 1449 1611 1509 postulabam3
1637 1463 1674 1492 πο

177 1513 320 1557 nihilo
367 1513 516 1557 minus
560 1515 713 1558 tamen
762 1528 951 1571 quaero,
999 1529 1056 1558 an
1096 1514 1326 1572 postulare
1367 1512 1608 1557 debuerim.

179 1574 320 1628 Quem
347 1575 404 1619 ad
429 1575 613 1620 modum
646 1575 852 1621 obtinui?
891 1576 954 1634 Is,
986 1577 1062 1634 qui
1092 1577 1305 1620 ultimum
1336 1574 1610 1634 supplicium

179 1638 444 1682 sumendum
479 1653 575 1683 esse
609 1639 840 1697 censebat,
878 1639 1031 1684 nescio
1066 1654 1123 1683 an
1156 1639 1272 1697 iure,
1310 1640 1428 1683 certe
1462 1637 1610 1695 aequi-

177 1702 269 1744 tate
319 1701 639 1758 postulationis
691 1716 817 1746 meae
860 1702 1007 1746 victus
1051 1701 1217 1746 omissa
1263 1699 1485 1747 sententia
1529 1715 1611 1745 sua

178 1763 365 1808 accessit
396 1764 637 1823 releganti,
674 1764 844 1808 veritus
878 1764 1068 1822 scilicet,
1107 1780 1184 1822 ne,
1223 1763 1262 1808 si
1302 1762 1610 1808 dividerentur
1636 1777 1673 1806 π

178 1826 442 1884 sententiae,
487 1827 607 1884 quod
641 1827 812 1885 alioqui
844 1826 941 1871 fore
973 1827 1230 1885 videbatur,
1273 1841 1343 1884 ea,
1386 1840 1502 1884 quae
1534 1825 1610 1870 ab·

179 1888 416 1932 solvendos
450 1904 545 1933 esse
579 1889 807 1947 censebat,
845 1905 1033 1934 numero
1074 1889 1361 1948 praevaleret.
1427 1886 1609 1932 Etenim

177 1950 312 2009 longe
358 1951 507 2008 plures
561 1951 608 1996 in
650 1953 734 1996 hac
786 1967 877 1996 una
920 1967 1055 2010 quam
1108 1952 1156 1996 in
1199 1951 1372 1996 duabus
1419 1950 1609 2010 singulis

179 2015 315 2056 erant.
381 2013 497 2057 Tum
524 2014 593 2058 illi
620 2030 818 2073 quoque,
853 2015 930 2072 qui
958 2015 1226 2060 auctoritate
1253 2014 1347 2059 eius
1374 2013 1609 2058 traheban-

178 2077 270 2132 tur,
319 2078 577 2121 transeunte
629 2077 708 2121 illo
757 2077 960 2122 destituti
1011 2078 1292 2136 reliquerunt
1340 2075 1608 2122 sententiam
1635 2090 1673 2120 ω

180 2137 236 2181 ab
270 2137 368 2194 ipso
401 2142 583 2183 auctore
626 2140 846 2184 desertam
887 2140 1118 2197 secutique
1162 2142 1267 2185 sunt
1307 2139 1436 2198 quasi
1466 2140 1609 2183 trans-

177 2200 353 2259 fugam,
393 2216 524 2258 quem
560 2202 718 2247 ducem
752 2203 1065 2261 sequebantur.
1132 2201 1207 2247 Sic
1247 2218 1301 2247 ex
1333 2201 1479 2246 tribus
1512 2215 1608 2246 sen-

177 2262 329 2306 tentiis
371 2263 482 2307 duae
522 2264 684 2322 factae,
727 2265 962 2323 tenuitque
1003 2282 1057 2309 ex
1097 2266 1269 2310 duabus
1302 2265 1443 2309 altera
1475 2263 1610 2308 tertia

278 2426 298 2458 6
326 2424 451 2459 morte
479 2424 591 2460 inser.
620 2425 818 2470 Budaeus,
846 2427 894 2471 cf.
918 2426 971 2462 ad
992 2438 1032 2473 p.
1054 2429 1138 2472 219,
1167 2429 1226 2463 17.
1396 2427 1438 2461 11
1469 2423 1609 2461 exierit

176 2485 212 2518 a,
240 2472 437 2518 Budaeus,
468 2473 563 2510 Otto.
702 2478 746 2511 13
775 2487 879 2512 nunc
905 2475 1109 2521 Schaefer„
1139 2474 1290 2522 Muell„
1316 2486 1395 2512 non
1424 2475 1527 2520 Ma,
1556 2474 1606 2511 K.

176 2526 222 2559 22
251 2522 284 2558 is
311 2522 379 2569 qui
406 2535 442 2565 a,
471 2523 588 2568 Bud„
620 2524 716 2569 Otto,
746 2525 896 2570 Muell„
923 2525 956 2562 is
983 2537 1053 2563 om.
1077 2526 1137 2571 M,
1160 2526 1211 2562 K.
