1716 2742
26 898 64 926 10

481 134 849 172 EPISTULARUM
877 134 949 171 VII
979 139 1138 171 14—17.
1435 138 1537 186 v189

90 251 305 310 verearis,
335 267 394 296 ne
422 251 482 296 sit
513 251 603 296 hoc
629 251 698 295 illi
726 251 989 308 molestum,
1023 251 1096 295 cui
1130 251 1286 296 orbem
1314 255 1537 296 terrarum

90 315 330 360 circumire
355 329 450 359 non
477 314 563 359 erit
586 315 779 374 longum
806 330 906 359 mea
933 329 1079 358 causa.
1127 314 1324 359 Proinde
1350 315 1539 360 nimiam
1566 328 1589 360 5

90 381 227 424 istam
270 378 590 423 verecundiam
636 393 756 436 pone
798 380 953 435 teque,
1001 378 1110 435 quid
1158 379 1290 436 velis,
1340 380 1538 424 consule.

89 440 165 487 Eli
183 444 279 487 tam
299 441 570 500 iucundum,
596 441 719 499 quod
741 457 845 501 ego,
869 457 1004 499 quam
1027 441 1161 499 mihi,
1183 442 1304 499 quod
1326 444 1377 486 tu
1398 442 1537 487 iubes.

90 504 219 550 Vale.

744 585 881 625 xvn.
919 577 1102 650 φώρ,
1131 578 1578 647 βμινυοιῑίῑ.

473 676 517 710 C.
538 675 747 709 PLINIUS
775 675 963 709 CELERI
992 675 1090 710 sUO
1120 677 1157 710 S.

186 757 280 804 Sua
313 759 478 817 cuique
510 758 627 803 ratio
661 758 902 816 recitandi3
949 759 1079 817 mihi,
1124 759 1247 817 quod
1282 775 1415 818 saepe
1447 759 1538 804 iam

90 821 204 880 dixi,
242 824 315 881 ut,
355 822 395 867 si
429 822 539 880 quid
572 837 645 866 me
678 822 817 882 fugit,
857 825 909 866 ut
943 825 1063 867 certe
1097 822 1237 882 fugit,
1283 823 1538 867 admonear.

89 883 191 939 Quo
233 885 377 946 magis
422 886 582 944 miror,
624 885 747 943 quod
790 885 949 931 scribis
990 886 1130 930 fuisse
1175 886 1415 944 quosdam,
1461 886 1538 945 qui

88 949 430 1008 reprenderent,
475 949 597 1007 quod
643 949 872 994 orationes
919 950 1106 994 omnino
1147 950 1404 1007 recitarem3
1450 950 1540 994 nisi

89 1027 197 1057 vero
229 1012 312 1057 has
347 1013 468 1057 solas
500 1028 595 1057 non
628 1013 795 1071 putant
827 1013 1143 1058 emendandas.
1209 1012 1252 1057 A
1286 1013 1452 1071 quibus
1485 1014 1539 1057 li-

43 1106 45 1108 -
88 1075 250 1120 benter
274 1076 580 1134 requisierim,
614 1091 697 1121 cur
722 1076 995 1134 concedant,
1028 1077 1067 1127 si
1094 1077 1350 1121 concedunt
1375 1080 1540 1133 tamen,

25 1215 63 1243 15

0 2148 2 2223 j
21 2164 62 2195 ω

88 1139 331 1184 historiam
364 1139 527 1184 debere
566 1140 768 1198 recitari,
812 1151 927 1198 quae
966 1155 1061 1184 non
1102 1140 1419 1198 ostentationi,
1464 1141 1541 1184 sed

88 1202 196 1247 fidei
221 1202 496 1261 veritatique
523 1204 835 1262 componitur,
868 1219 949 1248 cur
975 1203 1276 1263 tragoediam,
1305 1219 1421 1261 quae
1446 1219 1541 1248 non

89 1266 388 1325 auditorium,
428 1267 507 1311 sed
541 1282 751 1311 scaenam
791 1270 837 1311 et
870 1270 1064 1325 actores,
1109 1282 1190 1312 cur
1221 1267 1383 1325 lyrica,
1424 1283 1540 1325 quae

87 1345 183 1374 non
201 1330 442 1388 lectorem,
469 1330 547 1375 sed
569 1330 759 1375 chorum
788 1333 833 1375 et
859 1331 1006 1389 lyram
1028 1333 1237 1388 poscunt.
1291 1331 1355 1375 At
1374 1331 1537 1375 horum

87 1393 297 1438 recitatio
324 1409 411 1439 usu
438 1394 529 1438 iam
555 1397 738 1452 recepta
768 1397 847 1438 est.
895 1393 1019 1438 Num
1055 1409 1163 1453 ergo
1192 1394 1444 1452 culpandus
1472 1397 1541 1439 est

88 1457 181 1514 ille,
207 1456 287 1515 qui
313 1456 499 1516 coepit?
539 1456 826 1515 Quamquam
854 1457 1082 1501 orationes
1112 1472 1294 1515 quoque
1322 1460 1366 1501 et
1393 1458 1540 1502 nostri

89 1520 276 1578 quidam
315 1523 362 1565 et
401 1519 561 1566 Graeci
599 1522 933 1566 lectitaverant.
1001 1519 1343 1578 Supervacuum
1385 1523 1539 1566 tamen

87 1586 158 1628 est
189 1584 399 1642 recitare,
434 1599 550 1642 quae
583 1585 763 1629 dixeris.
829 1583 1001 1638 Etiam,
1037 1584 1076 1628 si
1109 1583 1266 1628 eadem
1293 1585 1467 1643 omnia,
1500 1585 1539 1629 si

86 1647 231 1692 isdem
266 1647 500 1706 omnibus,
533 1647 571 1692 si
600 1649 755 1692 statim
782 1647 964 1705 recites3
998 1647 1036 1690 si
1058 1662 1165 1691 vero
1188 1648 1334 1692 multa
1353 1648 1539 1706 inseras,

86 1711 235 1755 multa
267 1714 540 1769 commuteS,
575 1712 614 1755 si
648 1711 869 1769 quosdam
902 1725 1066 1767 novos,
1101 1711 1322 1768 quosdam
1343 1712 1538 1769 eosdem,

87 1774 166 1818 sed
212 1776 318 1832 post
363 1777 543 1833 tempus
591 1775 822 1831 adsumas,
868 1789 949 1818 cur
994 1774 1143 1818 minus
1187 1775 1438 1832 probabilis
1479 1776 1539 1820 sit

88 1852 224 1882 causa
254 1838 495 1895 recitandi,
531 1853 646 1894 quae
680 1837 864 1894 dixeris,
900 1853 1037 1895 quam
1071 1837 1265 1882 edendi?
1299 1837 1387 1883 Sed
1421 1839 1539 1883 diffi-

88 1901 174 1945 cile
206 1904 295 1958 est,
327 1904 380 1945 ut
413 1901 581 1957 oratio,
615 1901 722 1945 dum
745 1900 981 1958 recitatur,
1015 1901 1277 1946 satisfaciat.
1325 1900 1422 1946 Iam
1449 1902 1538 1947 hoc

88 1963 144 2008 ad
178 1963 381 2008 laborem
422 1964 656 2008 recitantis
690 1965 907 2022 pertinet,
949 1979 1043 2008 non
1083 1965 1140 2008 ad
1179 1965 1404 2010 rationem
1444 1981 1538 2010 non

0 2034 5 2077 ξ
30 2068 34 2071 .
85 2027 319 2072 recitandi.
363 2026 462 2072 Nec
488 2042 596 2071 vero
624 2043 728 2086 ego,
763 2027 871 2071 dum
899 2027 1062 2085 recito,
1094 2028 1289 2085 laudari,
1323 2029 1401 2073 sed
1429 2029 1536 2073 dum

84 2091 233 2150 legor,
268 2091 416 2148 cupio.
473 2090 634 2148 Itaque
666 2091 844 2135 nullum
879 2090 1148 2135 emendandi
1181 2107 1324 2151 genus
1360 2093 1536 2138 omitto.

86 2153 156 2198 Ac
175 2154 396 2213 primum,
423 2169 538 2211 quae
559 2153 741 2212 scripsi,
773 2168 951 2199 mecum
972 2151 1070 2212 ipse
1091 2157 1343 2212 pertract03
1377 2155 1537 2200 deinde

38 2250 43 2255 ·
88 2217 267 2262 duobus
315 2220 394 2261 aut
439 2217 585 2261 tribus
631 2218 755 2277 lego3
803 2233 911 2262 mox
957 2218 1058 2261 aliis
1104 2218 1234 2262 trado
1279 2218 1538 2264 adnotanda

85 2283 309 2339 notasque
337 2296 515 2338 eorum,
549 2281 586 2324 si
614 2281 793 2337 dubito,
827 2296 930 2326 cum
964 2297 1056 2325 uno
1090 2297 1246 2326 rursus
1281 2285 1360 2326 aut
1393 2283 1536 2328 altero

86 2345 287 2403 pensit03
328 2344 575 2388 novissime
621 2344 830 2402 pluribus
875 2345 1017 2389 recito
1065 2359 1137 2402 ac,
1182 2346 1221 2389 si
1269 2346 1376 2402 quid
1423 2346 1538 2391 mihi

87 2407 252 2466 credis,
286 2411 396 2452 tunc
430 2408 646 2452 acerrime
680 2407 884 2452 emendo.
949 2406 1070 2452 Nam
1104 2411 1234 2452 tanto
1270 2408 1536 2469 diligentius

88 2473 260 2528 quanto
301 2471 543 2516 sollicitius
583 2471 784 2515 intendo.
851 2469 1035 2530 Optime
1076 2474 1227 2516 autem
1271 2474 1536 2532 reverentia,

87 2533 254 2591 pudor,
297 2537 444 2579 metus
479 2534 701 2592 iudicant3
746 2535 883 2592 idque
924 2533 1035 2578 adeo
1077 2535 1142 2579 sic
1175 2534 1311 2580 habe:
1357 2535 1535 2596 Nonne,

1568 773 1587 805 1

1567 899 1589 931 2

1567 1025 1589 1058 3

1567 1408 1591 1442 4

1567 1536 1589 1568 5

1565 2423 1587 2456 8
