1630 2678
37 814 75 844 10

506 127 864 166 Ems‘rULARUM
888 129 924 164 11
951 133 1009 174 10,
1037 133 1094 166 11.
1440 131 1498 175 41

96 255 196 288 cere
222 241 351 300 velit3
381 242 570 300 patescit
601 241 736 297 enim,
774 256 875 286 cum
908 241 1124 298 separaris
1156 257 1183 285 a
1212 241 1362 298 turba,
1400 257 1501 286 con-

31 308 37 311 ’
96 302 329 362 templatio
359 318 527 359 rerum,
559 318 670 360 quae
702 303 834 346 turba
857 305 1080 361 teguntur.
1143 301 1390 359 Venerunt,
1424 304 1501 360 qui

97 363 249 411 adesse
280 367 406 409 erant
436 364 558 422 iussi,
590 364 798 408 Vitellius
824 363 1083 408 Honoratus
1116 366 1160 407 et
1183 363 1363 408 Flavius
1390 364 1502 408 Mar-

96 426 270 483 cianus3
299 441 356 471 ex
386 427 548 484 quibus
579 425 836 469 Honoratus
868 426 1076 469 trecentis
1108 426 1288 470 milibus
1321 426 1502 470 exilium

97 487 259 546 equitis
309 488 500 532 Romani
552 490 809 544 septemque
860 487 1102 531 amicorum
1155 487 1247 530 eius
1297 488 1502 531 ultimam

95 563 303 608 poenam,
340 548 591 594 Marcianus
623 549 754 592 unius
793 548 954 606 equitis
988 547 1178 592 Romani
1210 548 1501 607 septingentis

95 610 278 657 milibus
313 611 443 668 plura
481 610 701 667 supplicia
738 609 1005 668 arguebatur
1043 611 1219 666 emisse3
1258 613 1352 654 erat
1383 611 1501 654 enim

96 671 290 717 fustibus
333 687 505 726 caesus,
549 671 781 714 damnatus
825 671 872 714 in
911 671 1159 725 metallum,
1201 671 1501 729 strangulatus

98 733 146 778 in
189 746 373 778 carcere.
436 731 523 777 Sed
554 731 837 776 Honoratum
881 733 1128 791 cognitioni
1166 735 1343 776 senatus
1382 748 1500 776 mors

99 797 352 852 opportuna
392 793 629 850 subtraxit,
670 793 921 838 Marcianus
962 794 1169 838 inductus
1211 797 1278 838 est
1322 794 1502 838 absente

98 854 263 901 Prisco.
323 855 478 913 Itaque
516 855 705 900 'Paccius
745 854 925 899 Cerialis
965 856 1208 899 consularis
1247 856 1342 899 iure
1381 871 1502 899 sena-

97 917 214 962 torio
258 917 519 975 postulavit,
559 919 612 960 ut
654 915 832 960 Priscus
875 917 1036 960 certior
1067 917 1210 972 fieret,
1262 917 1353 960 sive
1399 917 1503 974 quia

97 977 479 1035 miserabiliorem,
511 978 603 1022 sive
636 979 740 1035 quia
771 978 1103 1021 invidiosiorem
1136 978 1230 1021 fore
1263 978 1502 1022 arbitraba-

97 1042 186 1097 tur,
214 1039 255 1085 si
284 1054 490 1097 praesens
514 1039 686 1095 fuisset,
711 1039 817 1095 sive,
848 1039 967 1096 quod
1000 1041 1190 1083 maxime
1223 1040 1365 1095 credo,
1399 1039 1502 1096 quia

97 1100 412 1159 aequissimum
439 1103 533 1145 erat
570 1116 803 1145 commune
832 1102 998 1144 crimen
1024 1100 1079 1144 ab
1106 1104 1295 1157 utroque
1328 1101 1502 1144 defendi

97 1164 164 1219 et,
207 1162 246 1206 s'i
283 1161 393 1206 dilui
429 1178 523 1206 non
554 1162 790 1219 potuisset,
829 1163 876 1206 in
908 1165 1098 1231 utroque
1130 1163 1288 1219 puniri.
1354 1162 1503 1212 Dilata

97 1238 167 1268 res
207 1225 276 1268 eet
318 1223 366 1268 in
402 1224 654 1281 proximum
694 1226 918 1279 senatum,
955 1224 1079 1267 cuius
1112 1224 1207 1280 ipse
1239 1226 1502 1292 conspectus

98 1285 438 1344 augustissimus
482 1285 580 1329 fuit.
644 1285 855 1342 Princeps
900 1285 1179 1342 praesidebat
1223 1283 1338 1343 (erat
1385 1285 1501 1328 enim

99 1345 296 1404 consul),
327 1346 383 1390 ad
401 1346 488 1391 hoc
507 1345 738 1390 Ianuarius
765 1347 928 1390 mensis
961 1362 1061 1390 cum
1089 1349 1233 1390 cetera
1258 1349 1355 1389 tum
1381 1361 1503 1403 prae-

98 1407 228 1465 cipue
284 1410 536 1452 senatorum
593 1408 843 1464 frequentia
893 1407 1220 1463 celeberrimus;
1276 1410 1504 1464 praeterea

99 1483 256 1514 causae
288 1469 534 1526 amplitudo
561 1472 776 1525 auctaque
809 1469 1021 1512 dilatione
1047 1468 1293 1525 expectatio
1321 1471 1366 1512 et
1384 1469 1504 1512 fama

99 1530 370 1588 insitumque
402 1530 662 1574 mortalibus
695 1530 892 1573 studium
925 1545 1087 1588 magna
1113 1533 1157 1573 et
1181 1530 1394 1574 inusitata
1425 1545 1504 1574 no-

99 1591 250 1636 scendi
281 1606 434 1637 omnes
466 1593 661 1649 undique
694 1592 924 1635 exciverat.
976 1591 1240 1649 Imaginare,
1274 1606 1386 1648 quae
1419 1593 1501 1635 sol·

98 1652 285 1698 licitudo
316 1652 467 1708 nobis,
510 1654 587 1710 qui
633 1656 794 1709 metus,
839 1652 999 1709 quibus
1043 1668 1174 1710 super
1214 1655 1340 1696 tanta
1377 1669 1424 1696 re
1457 1653 1503 1696 in

99 1714 178 1758 illo
210 1717 340 1758 coetu
371 1718 601 1772 praesente
634 1713 817 1757 Caesare
850 1714 1083 1757 dicendum
1116 1716 1221 1758 erat.
1283 1713 1503 1771 Equidem

100 1774 148 1819 in
179 1778 334 1819 senatu
371 1791 462 1819 non
494 1775 630 1819 semel
663 1775 752 1832 egi,
795 1775 902 1831 quin
939 1775 1077 1819 immo
1109 1790 1328 1844 nusquam
1363 1775 1504 1819 audiri

101 1836 336 1895 benignius
369 1838 512 1880 soleo:
550 1839 657 1879 tunc
696 1851 766 1880 me
797 1840 947 1880 tamen
978 1840 1029 1880 ut
1059 1852 1176 1880 nova
1208 1837 1356 1880 omnia
1386 1852 1503 1880 novo

102 1899 223 1941 metu
264 1897 591 1954 permovebant.
666 1896 996 1941 Obversabatur
1036 1902 1210 1955 praeter
1251 1898 1346 1954 illa,
1393 1913 1504 1954 quae

102 1973 237 2016 supra
268 1957 379 2014 dixi,
410 1973 566 2002 causae
598 1958 856 2003 difficultas.
899 1958 1044 2003 stabat
1083 1960 1214 2003 modo
1248 1959 1506 2014 consularis,

101 2019 234 2064 modo
276 2020 514 2077 septemvir
546 2020 805 2077 epulonum,
843 2020 930 2064 iam
968 2023 1186 2064 neutrum.
1251 2020 1360 2063 Erat
1398 2035 1503 2078 ergo

102 2095 315 2139 perquam
350 2095 585 2124 onerosum
612 2095 816 2125 accusare
849 2081 1124 2138 damnatum,
1164 2097 1294 2138 quem
1329 2084 1379 2124 ut
1411 2097 1505 2138 pre-

103 2141 252 2186 mebat
276 2142 484 2186 atrocitas
505 2142 723 2199 criminis,
755 2143 817 2186 ita
843 2143 969 2199 quasi
989 2147 1189 2199 peractae
1210 2143 1505 2186 damnationis

103 2203 327 2247 miseratio
360 2203 577 2247 tuebatur.
642 2202 893 2260 Utcumque
926 2207 1073 2248 tamen
1112 2205 1305 2247 animum
1341 2204 1506 2262 cogita·

103 2264 359 2322 tionemque
379 2265 558 2322 collegi,
590 2265 715 2322 coepi
747 2265 890 2309 dicere
916 2281 1006 2309 non
1032 2266 1201 2308 minore
1233 2264 1503 2308 audientium

46 2345 82 2374 ιο
106 2325 294 2370 adsensu
321 2340 452 2382 quam
481 2326 777 2370 sollicitudine
804 2342 912 2370 mea.
945 2326 1049 2369 Dixi
1076 2327 1195 2369 horis
1224 2341 1360 2382 paene
1382 2326 1507 2382 quin-

207 2461 255 2494 80
287 2469 378 2505 ergo
412 2459 505 2495 MV
518 2459 644 2503 1)νς,
679 2458 744 2503 K,
778 2459 910 2503 Mer-r„
941 2459 1062 2506 igitur
1089 2459 1220 2504 Fpa,
1250 2459 1345 2503 Otto,
1372 2459 1506 2495 Muell.

1527 317 1551 350 8

1530 1175 1576 1208 10

1531 1605 1574 1637 11

1533 1911 1576 1943 12

1533 2033 1578 2066 13

1534 2217 1579 2249 14
