1630 2678
78 408 120 440 17

80 770 122 803 18

79 953 122 985 19

81 1196 125 1228 20

84 1499 127 1530 21

88 1802 134 1834 22

150 166 208 211 52
740 157 777 194 C.
800 154 932 192 PL1N1

148 290 321 319 serenus
362 274 452 316 dies
493 274 535 314 et
577 271 787 324 inmotus,
829 281 998 322 omnes,
1040 279 1141 309 cum
1182 264 1287 308 hinc
1324 265 1401 308 vel
1431 263 1534 309 inde

147 337 287 380 ventis
320 334 557 389 inquietus,
589 346 675 388 qua
705 329 825 373 venti
857 329 1108 384 quiescunt,
1140 326 1235 370 sine
1266 325 1428 370 iniuria
1458 341 1534 383 pa-

147 400 250 440 tent.
307 397 420 438 Ante
446 392 819 450 cryptoporticum
844 391 997 446 xystus
1025 387 1155 431 violis
1181 387 1402 431 odoratus.
1453 386 1533 431 Te-

147 473 297 515 porem
347 456 450 498 solis
501 454 635 497 infusi
684 465 941 508 repercussu
985 448 1341 506 cryptoporticus
1385 451 1531 507 auget,

148 534 256 574 quae
289 520 337 560 ut
367 518 485 559 tenet
517 515 652 558 solem
687 514 749 556 sic
781 512 1030 568 aquilonem
1063 508 1236 553 inhibet
1266 511 1533 554 summovet-
1557 523 1575 551 ⁵

147 594 247 635 que,
290 579 586 633 quantumque
627 574 784 618 caloris
827 575 926 616 ante
967 574 1142 615 tantum
1182 572 1300 614 retro
1341 570 1532 629 frigoris.

147 639 357 683 Similiter
388 636 587 680 Africum
619 636 735 678 sistit
767 637 898 690 atque
931 634 992 676 ita
1024 631 1345 676 diversissimos
1375 633 1532 676 ventos

148 702 279 744 alium
330 699 415 742 alio
459 699 594 741 latere
639 696 803 753 frangit
846 698 890 738 et
933 694 1042 738 finit.
1118 693 1239 737 Haec
1283 692 1532 736 iucunditas

148 763 237 805 eius
263 760 423 815 hieme,
448 759 587 802 maior
613 760 786 801 aestate.
839 755 953 799 Nam
973 758 1073 798 ante
1094 753 1322 799 meridiem
1340 755 1534 813 xystum,

149 824 247 879 post
284 820 506 864 meridiem
545 818 800 877 gestationis
839 817 1044 872 hortique
1082 815 1330 873 proximam
1361 816 1534 872 partem

148 882 300 926 umbra
340 896 417 924 sua
456 882 688 937 temperat,
730 894 859 935 quae,
899 880 948 921 ut
986 877 1076 921 dies
1109 877 1248 921 crevit
1278 875 1536 933 decrevitve,

150 944 276 986 modo
316 942 507 997 brevior,
544 941 674 984 modo
712 940 887 998 longior
918 940 1000 982 hac
1030 939 1102 982 vel
1133 938 1211 982 illa
1242 937 1372 982 cadit.
1434 935 1538 995 Ipsa

149 1019 249 1047 vero
288 1002 637 1060 cryptoporticus
676 1004 769 1044 tum
809 1001 995 1044 maxime
1034 1003 1154 1044 caret
1185 999 1297 1055 sole,
1334 1013 1436 1043 cum
1468 1013 1535 1042 ar-

150 1065 425 1108 dentissimus
465 1063 645 1106 culmini
683 1062 773 1105 eius
812 1062 987 1105 insistit.
1050 1060 1122 1104 Ad
1158 1061 1245 1104 hoc
1281 1059 1536 1117 patentibus

150 1126 348 1169 fenestris
386 1124 584 1167 favonios
624 1124 783 1180 accipit
820 1122 1167 1178 transmittitque
1203 1135 1287 1165 nec
1323 1135 1537 1177 umquam

152 1191 246 1230 aere
291 1187 417 1243 pigro
462 1188 505 1228 et
548 1188 750 1227 manente
794 1184 1069 1242 ingravescit.
1139 1181 1191 1226 In
1235 1182 1381 1239 capite
1417 1182 1539 1239 xysti

152 1248 351 1303 deinceps
385 1246 756 1302 [cryptoporticus
788 1245 924 1301 horti]
958 1245 1100 1288 diaeta
1126 1246 1210 1300 est,
1243 1258 1413 1287 amores
1438 1242 1538 1299 mei,

152 1324 197 1351 re
232 1323 329 1351 vera
360 1321 547 1350 amores:
580 1307 673 1363 ipse
705 1307 843 1363 posui.
901 1305 952 1349 In
983 1307 1066 1350 hac
1097 1304 1417 1349 heliocaminus
1443 1304 1539 1361 qui-

154 1369 247 1411 dem
275 1368 359 1411 alia
383 1370 578 1424 xystum,
609 1368 695 1410 alia
720 1382 855 1423 mare,
888 1370 1071 1423 utraque
1098 1367 1253 1423 solem,
1286 1365 1539 1410 cubiculum

155 1432 296 1472 autem
334 1430 469 1471 valvis
508 1429 900 1485 cryptoporticum,
935 1428 1127 1472 fenestra
1157 1426 1374 1485 prospicit
1403 1441 1536 1470 mare.

158 1489 316 1533 Contra
359 1490 565 1545 parietem
611 1489 801 1532 medium
846 1490 1026 1533 zotheca
1068 1503 1280 1546 perquam
1317 1489 1542 1546 eleganter

159 1550 334 1605 recedit,
374 1565 482 1605 quae
515 1549 811 1606 specularibus
844 1553 887 1593 et
918 1550 1026 1593 velis
1060 1550 1262 1594 obductis
1293 1547 1540 1593 reductisve

163 1610 288 1653 modo
332 1611 514 1653 adicitur
557 1611 776 1667 cubiculo,
821 1611 951 1654 modo
999 1611 1206 1655 aufertur.
1275 1609 1459 1654 Lectum
1497 1611 1542 1653 et

161 1672 264 1714 duas
304 1670 526 1714 cathedras
565 1672 697 1728 capit3
736 1687 761 1714 a
791 1672 975 1728 pedibus
1009 1688 1146 1729 mare,
1182 1687 1209 1715 a
1239 1674 1365 1730 tergo
1397 1670 1540 1727 villae,

161 1747 185 1774 a
228 1731 368 1786 capite
413 1732 562 1774 silvae:
605 1735 673 1775 tot
709 1733 840 1776 facies
878 1734 1075 1776 locorum
1114 1733 1300 1777 totidem
1337 1731 1541 1776 fenestris

162 1795 204 1835 et
235 1791 466 1848 distinguit
497 1795 539 1835 et
571 1794 731 1836 miscet.
789 1793 990 1837 Iunctum
1024 1798 1090 1838 est
1121 1794 1373 1838 cubiculum
1397 1792 1541 1837 noctis

161 1856 205 1896 et
245 1853 396 1895 somni.
471 1852 573 1895 Non
617 1854 724 1896 illud
768 1870 894 1898 voces
939 1856 1229 1911 servulorum,
1273 1869 1365 1898 non
1409 1853 1542 1898 maris

163 1928 371 1967 murmur,
398 1928 486 1956 non
510 1916 817 1970 tempestatum
843 1919 1007 1972 motus,
1031 1931 1120 1960 non
1145 1916 1373 1974 fulgurum
1391 1915 1544 1959 lumen

162 1989 211 2017 ac
243 1989 296 2016 ne
328 1974 441 2016 diem
475 1975 648 2029 quidem
681 1975 812 2018 sentit
843 1977 928 2018 nisi
959 1977 1161 2020 fenestris
1194 1977 1368 2034 apertis.
1431 1975 1542 2020 Tam

163 2035 240 2077 alti
266 2034 488 2089 abditique
515 2036 667 2078 secreti
694 2036 769 2078 illa
794 2037 923 2092 ratio,
949 2038 1065 2093 quod
1091 2039 1352 2082 interiacens
1373 2037 1543 2080 andron

163 2095 348 2151 parietes
386 2095 576 2138 cubiculi
614 2096 815 2151 hortique
848 2097 1078 2156 distinguit
1110 2102 1241 2155 atque
1273 2100 1336 2143 ita
1367 2112 1543 2142 omnem

261 2231 281 2262 2
302 2226 423 2262 ventis
445 2227 595 2270 MVD,
623 2227 671 2262 K.
689 2229 744 2270 11,
770 2230 903 2264 ventus
919 2230 1120 2276 RFpra,
1148 2232 1199 2268 K.
1214 2232 1248 2276 I,
1280 2231 1376 2276 Otto,
1395 2229 1543 2273 Μυκη,

165 2276 281 2311 Merr.
382 2279 402 2310 3
424 2277 511 2310 ante
530 2296 578 2301 —
602 2280 622 2310 5
642 2278 747 2311 tenet
770 2277 971 2323 RFpra,
993 2280 1082 2315 ante
1105 2280 1433 2326 cryptoporticum
1453 2288 1544 2314 area

164 2326 295 2370 (auget
314 2324 367 2368 D)
394 2336 490 2369 quae
516 2325 559 2359 ut
584 2326 689 2360 tenet
710 2326 760 2361 M
771 2325 861 2360 VD.
962 2330 982 2361 5
1003 2327 1153 2364 inhibet
1172 2329 1419 2374 continetque
1439 2327 1491 2365 M
1502 2327 1544 2364 V.

166 2376 209 2408 13
229 2374 321 2408 tunc
347 2385 395 2408 m.
423 2373 615 2418 RFpra.
699 2377 742 2408 17
770 2376 941 2420 cryptop.
962 2375 1063 2411 horti
1083 2377 1152 2413 del.
1175 2378 1226 2413 K.
1240 2378 1292 2413 ΙΙ
1306 2378 1420 2424 (disp.
1434 2377 1544 2421 117).

165 2424 434 2506 mamare
462 2422 498 2458 R
510 2422 625 2465 Fra,
650 2421 742 2458 Otto.
843 2426 885 2458 31
908 2424 1094 2469 parietem
1115 2425 1233 2470 codd„
1252 2427 1363 2473 vuly„
1376 2424 1544 2472 parietes

1561 829 1600 856 10

1563 1134 1600 1163 1⁶
