1630 2678
119 331 163 364 37

115 694 161 728 38

114 997 158 1030 39

113 1180 159 1213 40

117 1666 161 1698 41

118 2088 164 2120 42

191 149 276 194 128
781 143 818 180 G.
846 142 981 179 PLINI

191 258 334 316 lapide
380 257 632 313 suscipitur,
687 254 841 313 gracili
888 267 1105 297 marmore
1155 252 1407 297 continetur
1449 254 1581 310 atque

191 321 254 363 ita
279 319 445 363 occulte
471 319 752 374 temperatur,
776 318 827 358 ut
852 315 1036 371 impleat
1059 328 1142 358 nec
1165 313 1393 358 redundet.
1427 312 1582 359 Gusta-

188 381 349 424 torium
373 379 633 437 graviorque
662 391 768 420 cena
793 376 983 433 margini
1008 374 1266 432 imponitur,
1295 375 1437 419 levior
1461 375 1582 419 navi-

188 442 381 485 cularum
425 443 469 483 et
510 439 657 482 avium
698 437 852 495 figuris
893 438 1096 480 innatans
1138 436 1354 480 circumit.
1417 435 1582 480 Contra

188 503 285 545 fons
329 501 466 558 egerit
506 514 665 556 aquam
697 501 741 542 et
780 497 956 554 recipit3
999 512 1103 543 nam
1136 497 1320 555 expulsa
1355 497 1403 542 in
1441 498 1581 542 altum
1607 513 1624 542 ε

189 563 235 605 in
261 576 305 605 se
332 561 448 605 cadit
474 560 722 616 iunctisque
747 558 943 603 hiatibus
969 561 1014 602 et
1038 558 1300 602 absorbetur
1325 561 1371 602 et
1394 558 1579 603 tollitur.

187 622 224 666 E
267 623 444 681 regione
487 620 665 665 stibadii
709 620 939 664 adversum
991 619 1244 663 cubiculum
1287 621 1462 664 tantum
1507 620 1582 664 sti-

187 683 314 727 badio
353 683 497 726 reddit
534 684 732 738 ornatus,
771 684 984 738 quantum
1022 680 1185 738 accipit
1221 680 1276 724 ab
1314 681 1405 725 illo.
1468 680 1582 725 Mar-

186 759 306 788 more
338 744 557 800 splendet,
594 743 734 786 valvis
766 743 814 786 in
844 742 1001 785 viridia
1026 742 1249 799 prominet
1279 744 1325 786 et
1356 741 1464 799 exit,
1496 741 1583 786 alia

185 805 341 848 viridia
383 804 681 861 superioribus
731 803 1099 860 inferioribusque
1148 803 1353 847 fenestris
1397 803 1584 861 suspicit
1609 819 1630 846 ιι

185 866 465 923 despicitque.
547 864 654 908 Mox
704 864 931 908 zothecula
980 864 1146 923 refugit
1189 864 1316 921 quasi
1365 864 1413 908 in
1462 864 1584 909 cubi-

185 927 332 970 culum
364 926 478 969 idem
512 929 643 983 atque
675 926 805 969 aliud.
865 925 1022 969 Lectus
1054 926 1128 970 hic
1153 928 1198 969 et
1222 925 1419 982 undique
1443 925 1582 970 fenes-

184 990 289 1043 trae,
314 990 358 1031 et
381 990 528 1031 tamen
552 988 702 1030 lumen
728 987 961 1031 obscurum
987 987 1146 1030 umbra
1170 989 1409 1044 premente.
1463 985 1582 1031 Nam

183 1048 422 1092 laetissima
453 1049 555 1091 vitis
588 1063 666 1104 per
698 1063 826 1091 omne
857 1050 1024 1091 tectum
1056 1048 1104 1092 in
1136 1048 1311 1092 culmen
1347 1048 1508 1092 nititur
1538 1050 1583 1092 et

185 1109 390 1153 ascendit.
452 1108 556 1152 Non
594 1124 717 1153 secus
756 1109 818 1152 ibi
857 1124 988 1166 quam
1021 1109 1068 1152 in
1099 1123 1278 1153 nemore
1310 1109 1472 1166 iaceas,
1502 1108 1581 1152 im·
1607 1123 1630 1152 ιι

184 1170 306 1213 brem
347 1172 517 1213 tantum
556 1172 781 1227 tamquam
822 1170 869 1213 in
909 1185 1087 1214 nemore
1124 1185 1217 1214 non
1257 1170 1432 1214 sentias.
1495 1169 1583 1214 Hic

186 1245 358 1287 quoque
390 1231 490 1274 fons
521 1231 716 1274 nascitur
747 1232 965 1287 simulque
998 1231 1269 1275 subducitur.
1333 1230 1447 1275 Sunt
1470 1230 1581 1276 locis

185 1292 384 1347 pluribus
435 1292 649 1348 disposita
698 1293 852 1335 sedilia
902 1308 925 1336 e
976 1307 1213 1349 marmore,
1263 1306 1374 1349 quae
1431 1292 1582 1336 ambu-

185 1352 347 1395 latione
387 1352 524 1396 fessos
565 1355 616 1396 ut
657 1354 907 1397 cubiculum
946 1354 1093 1410 ipsum
1130 1354 1296 1397 iuvant.
1358 1352 1583 1397 Fonticuli

187 1413 392 1456 sedilibus
438 1414 653 1470 adiacent;
707 1430 784 1471 per
832 1417 978 1458 totum
1021 1415 1368 1472 hippodromum
1412 1413 1583 1458 inducti
1607 1429 1630 1456 ιε

187 1474 345 1516 fistulis
382 1476 583 1531 strepunt
622 1475 706 1518 rivi
747 1478 808 1531 et,
850 1491 938 1532 qua
975 1491 1132 1520 manus
1172 1476 1315 1533 duxit,
1357 1478 1582 1520 secuntur:

186 1534 254 1576 his
286 1549 402 1578 nunc
434 1536 510 1578 illa
540 1536 708 1593 viridia,
734 1551 852 1580 nunc
877 1536 998 1593 haec,
1028 1537 1250 1581 interdum
1276 1537 1409 1581 simul
1434 1536 1583 1581 omnia

188 1595 399 1638 lavantur.

298 1655 518 1699 Vitassem
559 1657 645 1700 iam
691 1658 876 1715 dudum,
918 1675 973 1702 ne
1015 1659 1187 1703 viderer
1231 1658 1448 1717 argutior,
1494 1658 1583 1702 nisi

190 1716 688 1771 proposuissem¹omnes
722 1720 906 1777 angulos
938 1723 1084 1764 tecum
1117 1719 1308 1777 epistula
1339 1718 1581 1764 circumire.
1607 1733 1630 1761 ει

189 1775 342 1831 Neque
375 1777 490 1819 enim
522 1779 720 1834 verebar,
751 1796 805 1823 ne
837 1780 1108 1825 laboriosum
1141 1783 1256 1825 esset
1286 1780 1455 1839 legenti
1484 1780 1582 1837 tibi,

191 1836 308 1892 quod
330 1837 488 1880 visenti
519 1853 607 1881 non
626 1839 791 1897 fuisset,
823 1843 1079 1897 praesertim
1102 1857 1203 1886 cum
1230 1842 1583 1899 interquiescere,

190 1897 227 1939 si
267 1897 438 1952 liberet,
480 1898 762 1955 depositaque
794 1902 981 1958 epistula
1013 1904 1139 1960 quasi
1175 1902 1364 1947 residere
1406 1903 1582 1960 saepius

189 1971 350 2013 posses.
414 1957 642 2003 Praeterea
674 1961 834 2005 indulsi
867 1964 1005 2007 amori
1037 1980 1154 2021 meo3
1187 1979 1286 2008 amo
1313 1963 1444 2021 enim,
1469 1978 1581 2020 quae

190 2018 379 2060 maxima
411 2034 463 2061 ex
495 2023 617 2075 parte
656 2021 748 2077 ipse
780 2023 985 2067 inchoavi
1023 2028 1099 2068 aut
1130 2025 1338 2069 inchoata
1371 2025 1580 2082 percolui.
1607 2038 1630 2066 a«

191 2076 244 2120 In
282 2093 451 2122 summa
489 2080 587 2136 (cur
625 2082 740 2124 enim
778 2098 869 2126 non
906 2086 1097 2141 aperiam
1138 2087 1223 2130 tibi
1260 2087 1332 2130 vel
1367 2085 1580 2130 iudicium

191 2153 336 2181 meum
375 2140 446 2182 vel
479 2141 715 2200 errorem‘P)
758 2145 947 2199 primum
990 2162 1071 2204 ego
1115 2147 1312 2191 officium
1353 2146 1581 2204 scriptoris

191 2199 405 2255 existimo,
437 2203 486 2243 ut
511 2202 690 2244 titulum
723 2218 851 2247 suum
876 2206 995 2264 legat
1027 2210 1159 2264 atque
1185 2208 1424 2252 identidem
1450 2207 1582 2251 inter-

190 2263 316 2317 roget
348 2275 409 2316 se,
450 2261 556 2317 quid
587 2264 780 2319 coeperit
813 2266 1020 2323 scribere,
1058 2268 1274 2325 sciatque,
1305 2269 1343 2313 si
1374 2269 1581 2312 materiae

289 2406 334 2439 10
354 2405 515 2451 suscipit
534 2406 585 2441 M
593 2407 634 2442 F
641 2407 693 2452 D,
715 2408 765 2443 K.
778 2408 811 2444 Ι.
888 2414 932 2445 14
951 2423 983 2446 v.
997 2412 1188 2457 Hofacker
1198 2424 1234 2458 p.
1246 2415 1305 2449 54.
1382 2416 1428 2449 23
1447 2412 1582 2449 iuvan—

190 2453 253 2487 tur
278 2452 367 2497 Fa,
394 2452 587 2522 laetantur
605 2467 647 2501 p,
672 2456 737 2492 sed
762 2456 810 2501 cf.
839 2457 922 2494 VII
942 2462 977 2503 9,
1001 2463 1047 2496 11
1074 2460 1199 2497 fontes
1224 2463 1340 2507 prata
1364 2461 1506 2498 lavant.
