1630 2678
0 0 6 229 ὲΙ
507 174 864 212 EPISTULARUM
890 161 945 212 m
971 179 1128 212 11—14.
1459 176 1516 221 77

115 286 227 333 ebrii
249 287 521 345 retexissent,
547 287 794 343 erubuisse3
826 287 981 332 deinde
1008 287 1160 332 adicit:
1192 287 1395 331 ‘Putares
1426 302 1518 331 non

115 349 180 394 ιδ’
202 348 293 394 illis
323 347 550 406 Catonem,
580 349 656 393 sed
688 349 790 393 illos
823 364 850 393 a
881 347 1048 393 Catone
1080 348 1403 406 deprehensos?
1436 347 1519 392 Po·

114 409 258 456 tuitne
287 410 390 468 plus
422 411 697 455 auctoritatis
729 410 867 454 tribui
899 409 1076 467 Catoni,
1116 425 1250 467 quam
1292 410 1330 455 si
1370 410 1517 454 ebrius

113 486 293 530 quoque
323 474 416 516 tam
447 472 712 516 venerabilis
744 471 866 515 erat?
927 470 1118 516 Nostrae
1137 475 1285 515 tamen
1310 486 1443 516 cenae
1467 475 1519 515 ut
1544 480 1567 512 4

69 546 90 579 ι
114 535 352 591 apparatus
402 535 447 577 et
497 532 709 591 impendii
760 533 824 577 sic
873 534 1086 590 temporis
1132 533 1289 576 modus
1334 535 1517 577 constet.

113 592 272 652 Neque
321 594 440 639 enim
489 594 520 638 ii
565 610 734 650 sumus,
793 609 904 651 quos
961 595 1210 651 vituperare
1253 609 1309 638 ne
1350 594 1519 639 inimici

115 655 295 712 quidem
325 656 511 750 possint,
542 655 628 699 nisi
660 658 711 699 ut
742 655 875 699 simul
905 654 1098 699 laudent.
1162 654 1285 699 Vale.

145 791 215 833 st„
233 788 517 859 malma(
538 787 611 846 pq
633 794 710 820 cos
760 781 877 822 XIIL
942 780 1057 816 δἀ-
1085 790 1213 846 κγ’·

60 868 79 875 ··
199 863 202 866 ”
342 855 386 891 C.
405 856 608 890 PLINIUS
636 856 858 891 VOCONIO
887 855 1096 890 ROMANO
1124 857 1219 890 SUO
1248 857 1286 890 S.

53 941 91 970 ιο
192 923 398 982 Librum,
431 939 520 982 quo
552 940 694 982 nuper
726 925 896 982 optimo
928 925 1121 982 principi
1159 926 1315 969 consul
1353 925 1518 984 gratias
1545 932 1566 965 1

114 985 200 1046 egi,
229 985 333 1030 misi
363 986 559 1045 exigenti
590 986 674 1029 tibi
698 987 926 1043 missurus,
959 987 1041 1030 etsi
1066 1001 1158 1030 non
1190 987 1420 1045 exegisses.
1465 986 1520 1030 In

113 1047 202 1092 hoc
232 1046 480 1092 consideres
522 1048 656 1091 velim
696 1050 747 1091 ut
786 1047 1161 1105 pulchritudinem
1203 1048 1412 1092 materiae
1456 1049 1520 1091 ita

114 1108 432 1162 difficultatem.
505 1107 559 1152 In
599 1108 755 1153 ceteris
797 1109 914 1152 enim
954 1110 1166 1153 lectorem
1206 1110 1380 1153 novitas
1422 1110 1520 1167 ipsa
1544 1116 1566 1148 2

73 1174 78 1179 '
113 1169 332 1214 intentum
356 1169 504 1226 habet,
529 1170 577 1213 in
601 1171 684 1213 hac
709 1173 833 1227 nota,
860 1171 1053 1228 vulgata,
1079 1171 1196 1214 dicta
1215 1173 1319 1214 sunt
1351 1171 1519 1226 omnia3

37 1227 90 1276 ἰι
114 1245 204 1289 quo
246 1231 319 1288 fit,
366 1234 418 1275 ut
461 1232 588 1288 quasi
632 1231 801 1275 otiosus
846 1246 1113 1288 securusque
1156 1233 1296 1275 lector
1345 1235 1518 1276 tantum

114 1293 356 1337 elocutioni
387 1295 531 1349 vacet,
563 1293 610 1336 in
642 1308 730 1349 qua
755 1293 1007 1337 satisfacere
1040 1293 1267 1337 difficilius
1300 1296 1384 1349 est,
1417 1308 1518 1337 cum

114 1354 211 1398 sola
240 1353 505 1398 aestimatur
568 1352 717 1410 Atque
755 1354 925 1398 utinam
963 1354 1071 1398 ordo
1108 1354 1264 1397 saltem
1304 1357 1349 1397 et
1379 1357 1519 1398 trans-
1544 1360 1567 1393 3

115 1415 203 1459 itus
235 1417 280 1459 et
309 1415 478 1474 figurae
503 1415 636 1458 simul
661 1417 980 1472 spectarentur!
1038 1414 1186 1458 Nam
1175 1415 1372 1458 mvenire
1397 1431 1519 1472 prae·

82 1476 245 1533 clare,
275 1476 503 1520 enuntiare
535 1476 769 1535 magnifice
802 1477 1021 1520 interdum
1068 1477 1200 1520 etiam
1240 1477 1416 1520 barbari
1450 1492 1518 1521 so-

53 1550 91 1579 no
113 1537 219 1594 lent,
250 1537 483 1595 disponere
515 1540 629 1594 apte,
661 1539 851 1596 figurare
884 1538 1001 1580 varie
1040 1538 1125 1581 nisi
1164 1537 1346 1581 eruditis
1388 1553 1519 1596 nega-

114 1602 210 1643 tum
246 1601 323 1642 est.
386 1598 481 1643 Nec
521 1614 626 1643 vero
669 1599 927 1642 adfectanda
969 1602 1071 1642 sunt
1111 1613 1284 1656 semper
1320 1599 1435 1643 elata
1475 1603 1519 1643 et
1543 1606 1567 1638 4

114 1661 297 1704 excelsa.
359 1658 491 1717 Nam,
521 1663 571 1703 ut
603 1661 649 1703 in
675 1660 848 1716 pictura
872 1660 1022 1703 lumen
1047 1675 1138 1704 non
1169 1660 1256 1703 alia
1281 1675 1350 1704 res
1377 1661 1517 1719 magis

71 1769 74 1775 ,
115 1735 249 1779 quam
279 1720 437 1765 umbra
468 1721 766 1776 commendat,
798 1721 860 1764 ita
900 1721 1144 1765 orationem
1185 1724 1277 1765 tam
1321 1722 1518 1765 summit-

71 1785 83 1793 *
114 1784 207 1826 tere
238 1797 371 1839 quam
403 1782 605 1826 attollere
638 1782 772 1825 decet.
838 1780 923 1825 Sed
956 1782 1063 1839 quid
1102 1797 1185 1841 ego
1217 1783 1327 1827 haec
1359 1782 1518 1827 doctis·
1544 1790 1566 1822 5

53 1856 91 1885 as
116 1843 228 1887 simo
269 1843 385 1886 virol
427 1842 535 1899 quin
576 1843 724 1899 potius
767 1843 898 1886 illud:
939 1843 1118 1900 adnota,
1152 1859 1264 1901 quae
1296 1844 1517 1900 putaveris

114 1902 384 1962 corrigenda.
447 1902 516 1946 Ita
541 1904 658 1947 enim
691 1904 831 1962 magis
858 1904 1031 1948 credam
1057 1908 1202 1949 cetera
1227 1905 1309 1948 tibi
1335 1909 1518 1962 placere,

115 1964 153 2008 si
186 1964 400 2022 quaedam
432 1963 708 2022 displicuisse
741 1980 1001 2024 cognovero.
1067 1966 1188 2010 Vale.

766 2091 875 2131 XIV.
901 2077 1074 2123 Meua
1084 2080 1125 2155 j
1142 2064 1303 2134 weg,
1336 2073 1496 2117 ‘⁴404

489 2165 531 2199 C.
552 2166 753 2199 Pmmns
779 2166 951 2201 Ammo
979 2167 1074 2201 suo
1102 2168 1139 2200 s.
1192 2129 1302 2186 ‘7¹¹¹
1335 2127 1486 2166 ‘'u“

53 2246 91 2276 ιο
195 2232 306 2278 Rem
331 2238 524 2278 atrocem
558 2248 638 2278 nec
676 2237 848 2278 tantum
888 2235 1079 2291 epistula
1118 2235 1296 2292 dignam
1335 2234 1516 2279 Larcius
1545 2242 1563 2274 1

115 2294 311 2352 Macedo,
341 2296 410 2338 vir
443 2295 699 2352 praetorius,
732 2311 758 2339 a
789 2296 925 2339 servis
958 2297 1048 2339 suis
1077 2311 1231 2353 passus
1259 2300 1338 2352 est,
1369 2311 1517 2353 super—

214 2405 260 2438 89
294 2403 339 2440 P.
361 2404 504 2447 Acilio,
539 2404 696 2440 Minicia·
729 2404 903 2440 Aciliani
934 2404 1121 2441 avunculo
1154 2406 1204 2447 (v.
1238 2415 1292 2450 ep.
1322 2405 1346 2440 1
1380 2407 1437 2448 14,
1463 2407 1516 2449 6),

115 2451 317 2497 opieudam
335 2452 499 2489 dicatam
489 2464 595 2489 nesse
609 2456 723 2498 putat
742 2452 887 2500 Stanyl.
985 2456 1031 2489 80
1052 2453 1210 2489 Larcius
1231 2453 1314 2498 Dr,
1341 2454 1516 2490 Momms.

117 2499 197 2537 ind.
219 2510 260 2547 p.
280 2502 364 2546 416,
391 2501 551 2548 Largius
578 2502 675 2548 vuly.
