<?xml version="1.0" encoding="UTF-8"?>
<!DOCTYPE html PUBLIC "-//W3C//DTD XHTML 1.0 Transitional//EN"
    "http://www.w3.org/TR/xhtml1/DTD/xhtml1-transitional.dtd">
<html xmlns="http://www.w3.org/1999/xhtml" xml:lang="en" lang="en">
 <head>
  <title>
</title>
<meta http-equiv="Content-Type" content="text/html;charset=utf-8" />
  <meta name='ocr-system' content='tesseract 3.04.00' />
  <meta name='ocr-capabilities' content='ocr_page ocr_carea ocr_par ocr_line ocrx_word'/>
</head>
<body>
  <div class='ocr_page' id='page_1' title='image "./epistularumlibr00plin_0229.png"; bbox 0 0 1716 2742; ppageno 0'>
   <div class='ocr_carea' id='block_1_1' title="bbox 64 833 101 859">
    <p class='ocr_par' dir='ltr' id='par_1_1' title="bbox 64 833 101 859">
     <span class='ocr_line' id='line_1_1' title="bbox 64 833 101 859; baseline 0 0"><span class='ocrx_word' id='word_1_1' title='bbox 64 833 101 859; x_wconf 90' lang='grc'><strong>10</strong></span> 
     </span>
    </p>
   </div>
   <div class='ocr_carea' id='block_1_2' title="bbox 55 1770 93 1799">
    <p class='ocr_par' dir='ltr' id='par_1_2' title="bbox 55 1770 93 1799">
     <span class='ocr_line' id='line_1_2' title="bbox 55 1770 93 1799; baseline 0 0"><span class='ocrx_word' id='word_1_2' title='bbox 55 1770 93 1799; x_wconf 78' lang='lat'><strong>25</strong></span> 
     </span>
    </p>
   </div>
   <div class='ocr_carea' id='block_1_3' title="bbox 546 136 1570 184">
    <p class='ocr_par' dir='ltr' id='par_1_3' title="bbox 546 136 1570 184">
     <span class='ocr_line' id='line_1_3' title="bbox 546 136 1570 184; baseline 0.003 -10"><span class='ocrx_word' id='word_1_3' title='bbox 546 137 909 175; x_wconf 83' lang='lat' dir='ltr'><strong>EPISTULARUM</strong></span> <span class='ocrx_word' id='word_1_4' title='bbox 934 136 1026 174; x_wconf 89' lang='lat' dir='ltr'>VIII</span> <span class='ocrx_word' id='word_1_5' title='bbox 1052 141 1161 174; x_wconf 79' lang='lat'><strong>6—9.</strong></span> <span class='ocrx_word' id='word_1_6' title='bbox 1476 139 1570 184; x_wconf 83' lang='lat'><strong>213</strong></span> 
     </span>
    </p>
   </div>
   <div class='ocr_carea' id='block_1_4' title="bbox 118 251 1570 1882">
    <p class='ocr_par' dir='ltr' id='par_1_4' title="bbox 118 251 1570 1882">
     <span class='ocr_line' id='line_1_4' title="bbox 132 251 1570 313; baseline -0.003 -14"><span class='ocrx_word' id='word_1_7' title='bbox 132 253 211 299; x_wconf 89' lang='lat' dir='ltr'><strong>sed</strong></span> <span class='ocrx_word' id='word_1_8' title='bbox 241 254 342 313; x_wconf 86' lang='lat' dir='ltr'><strong>ipsa</strong></span> <span class='ocrx_word' id='word_1_9' title='bbox 374 254 445 298; x_wconf 88' lang='lat' dir='ltr'><strong>sui</strong></span> <span class='ocrx_word' id='word_1_10' title='bbox 477 252 608 311; x_wconf 91' lang='lat' dir='ltr'><strong>copia</strong></span> <span class='ocrx_word' id='word_1_11' title='bbox 640 255 685 297; x_wconf 90' lang='lat' dir='ltr'><strong>et</strong></span> <span class='ocrx_word' id='word_1_12' title='bbox 711 253 840 311; x_wconf 84' lang='lat' dir='ltr'>quasi</span> <span class='ocrx_word' id='word_1_13' title='bbox 867 252 1064 310; x_wconf 90' lang='lat' dir='ltr'><strong>pondere</strong></span> <span class='ocrx_word' id='word_1_14' title='bbox 1091 252 1342 310; x_wconf 77' lang='lat' dir='ltr'>impellitur</span> <span class='ocrx_word' id='word_1_15' title='bbox 1366 251 1468 296; x_wconf 89' lang='lat' dir='ltr'><strong>fons</strong></span> <span class='ocrx_word' id='word_1_16' title='bbox 1496 252 1570 296; x_wconf 90' lang='lat' dir='ltr'><strong>ad-</strong></span> 
     </span>
     <span class='ocr_line' id='line_1_5' title="bbox 130 315 1569 374; baseline -0.002 -12"><span class='ocrx_word' id='word_1_17' title='bbox 130 317 221 362; x_wconf 86' lang='lat' dir='ltr'><strong>huc</strong></span> <span class='ocrx_word' id='word_1_18' title='bbox 246 319 294 368; x_wconf 86' lang='lat' dir='ltr'><strong>et</strong></span> <span class='ocrx_word' id='word_1_19' title='bbox 331 316 421 361; x_wconf 88' lang='lat' dir='ltr'><strong>iam</strong></span> <span class='ocrx_word' id='word_1_20' title='bbox 462 315 791 374; x_wconf 89' lang='lat' dir='ltr'><strong>amplissimum</strong></span> <span class='ocrx_word' id='word_1_21' title='bbox 830 315 1001 359; x_wconf 90' lang='lat' dir='ltr'><strong>flumen</strong></span> <span class='ocrx_word' id='word_1_22' title='bbox 1039 318 1174 372; x_wconf 91' lang='lat' dir='ltr'><strong>atque</strong></span> <span class='ocrx_word' id='word_1_23' title='bbox 1213 315 1348 359; x_wconf 88' lang='lat' dir='ltr'><strong>etiam</strong></span> <span class='ocrx_word' id='word_1_24' title='bbox 1384 315 1569 359; x_wconf 82' lang='lat' dir='ltr'><strong>navium</strong></span> 
     </span>
     <span class='ocr_line' id='line_1_6' title="bbox 129 377 1570 438; baseline -0.002 -14"><span class='ocrx_word' id='word_1_25' title='bbox 129 379 326 438; x_wconf 84' lang='lat' dir='ltr'><strong>patiens,</strong></span> <span class='ocrx_word' id='word_1_26' title='bbox 359 395 471 437; x_wconf 90' lang='lat' dir='ltr'><strong>quas</strong></span> <span class='ocrx_word' id='word_1_27' title='bbox 511 379 666 423; x_wconf 87' lang='lat' dir='ltr'><strong>obvias</strong></span> <span class='ocrx_word' id='word_1_28' title='bbox 707 393 888 436; x_wconf 90' lang='lat' dir='ltr'><strong>quoque</strong></span> <span class='ocrx_word' id='word_1_29' title='bbox 928 381 972 422; x_wconf 90' lang='lat' dir='ltr'><strong>et</strong></span> <span class='ocrx_word' id='word_1_30' title='bbox 1011 378 1236 422; x_wconf 87' lang='lat' dir='ltr'><strong>contrario</strong></span> <span class='ocrx_word' id='word_1_31' title='bbox 1277 378 1380 422; x_wconf 90' lang='lat' dir='ltr'><strong>nisu</strong></span> <span class='ocrx_word' id='word_1_32' title='bbox 1419 377 1467 421; x_wconf 92' lang='lat' dir='ltr'><strong>in</strong></span> <span class='ocrx_word' id='word_1_33' title='bbox 1506 378 1570 422; x_wconf 91' lang='lat' dir='ltr'><strong>di-</strong></span> 
     </span>
     <span class='ocr_line' id='line_1_7' title="bbox 130 440 1570 498; baseline -0.002 -11"><span class='ocrx_word' id='word_1_34' title='bbox 130 457 259 487; x_wconf 85' lang='lat' dir='ltr'><strong>versa</strong></span> <span class='ocrx_word' id='word_1_35' title='bbox 290 442 524 486; x_wconf 88' lang='lat' dir='ltr'><strong>tendentes</strong></span> <span class='ocrx_word' id='word_1_36' title='bbox 557 441 828 486; x_wconf 73' lang='lat' dir='ltr'><strong>transmittit</strong></span> <span class='ocrx_word' id='word_1_37' title='bbox 860 443 905 485; x_wconf 91' lang='lat' dir='ltr'><strong>et</strong></span> <span class='ocrx_word' id='word_1_38' title='bbox 937 440 1124 498; x_wconf 79' lang='lat' dir='ltr'><strong>perfert,</strong></span> <span class='ocrx_word' id='word_1_39' title='bbox 1158 440 1268 485; x_wconf 90' lang='lat' dir='ltr'><strong>adeo</strong></span> <span class='ocrx_word' id='word_1_40' title='bbox 1301 440 1490 498; x_wconf 85' lang='lat' dir='ltr'><strong>validus,</strong></span> <span class='ocrx_word' id='word_1_41' title='bbox 1517 443 1570 484; x_wconf 89' lang='lat' dir='ltr'><strong>ut</strong></span> 
     </span>
     <span class='ocr_line' id='line_1_8' title="bbox 128 503 1570 574; baseline -0.002 -24"><span class='ocrx_word' id='word_1_42' title='bbox 128 505 228 563; x_wconf 76' lang='lat' dir='ltr'><strong>illa,</strong></span> <span class='ocrx_word' id='word_1_43' title='bbox 261 521 351 564; x_wconf 90' lang='lat' dir='ltr'><strong>qua</strong></span> <span class='ocrx_word' id='word_1_44' title='bbox 382 507 597 563; x_wconf 86' lang='lat' dir='ltr'><strong>properat</strong></span> <span class='ocrx_word' id='word_1_45' title='bbox 628 504 743 562; x_wconf 91' lang='lat' dir='ltr'><strong>ipse,</strong></span> <span class='ocrx_word' id='word_1_46' title='bbox 778 519 1052 574; x_wconf 81' lang='lat' dir='ltr'><strong>quamquam</strong></span> <span class='ocrx_word' id='word_1_47' title='bbox 1081 519 1161 561; x_wconf 91' lang='lat' dir='ltr'><strong>per</strong></span> <span class='ocrx_word' id='word_1_48' title='bbox 1195 504 1341 547; x_wconf 88' lang='lat' dir='ltr'><strong>solum</strong></span> <span class='ocrx_word' id='word_1_49' title='bbox 1368 503 1570 561; x_wconf 89' lang='lat' dir='ltr'><strong>planum,</strong></span> 
     </span>
     <span class='ocr_line' id='line_1_9' title="bbox 127 566 1568 625; baseline -0.001 -13"><span class='ocrx_word' id='word_1_50' title='bbox 127 567 263 612; x_wconf 90' lang='lat' dir='ltr'><strong>remis</strong></span> <span class='ocrx_word' id='word_1_51' title='bbox 295 583 388 612; x_wconf 89' lang='lat' dir='ltr'><strong>non</strong></span> <span class='ocrx_word' id='word_1_52' title='bbox 422 567 678 624; x_wconf 86' lang='lat' dir='ltr'><strong>adiuvetur,</strong></span> <span class='ocrx_word' id='word_1_53' title='bbox 710 566 829 611; x_wconf 91' lang='lat' dir='ltr'><strong>idem</strong></span> <span class='ocrx_word' id='word_1_54' title='bbox 871 566 1116 625; x_wconf 86' lang='lat' dir='ltr'><strong>aegerrime</strong></span> <span class='ocrx_word' id='word_1_55' title='bbox 1155 567 1290 610; x_wconf 85' lang='lat' dir='ltr'><strong>remis</strong></span> <span class='ocrx_word' id='word_1_56' title='bbox 1331 567 1568 624; x_wconf 90' lang='lat' dir='ltr'><strong>contisque</strong></span> 
     </span>
     <span class='ocr_line' id='line_1_10' title="bbox 129 628 1567 689; baseline -0.002 -14"><span class='ocrx_word' id='word_1_57' title='bbox 129 633 366 689; x_wconf 84' lang='lat' dir='ltr'><strong>superetur</strong></span> <span class='ocrx_word' id='word_1_58' title='bbox 407 630 632 674; x_wconf 85' lang='lat' dir='ltr'><strong>adversus.</strong></span> <span class='ocrx_word' id='word_1_59' title='bbox 705 628 960 674; x_wconf 82' lang='lat' dir='ltr'>Iucundum</span> <span class='ocrx_word' id='word_1_60' title='bbox 1005 632 1248 686; x_wconf 90' lang='lat' dir='ltr'><strong>utrumque</strong></span> <span class='ocrx_word' id='word_1_61' title='bbox 1294 645 1375 687; x_wconf 93' lang='lat' dir='ltr'><strong>per</strong></span> <span class='ocrx_word' id='word_1_62' title='bbox 1415 629 1567 673; x_wconf 90' lang='lat' dir='ltr'><strong>iocum</strong></span> 
     </span>
     <span class='ocr_line' id='line_1_11' title="bbox 126 692 1566 752; baseline -0.001 -15"><span class='ocrx_word' id='word_1_63' title='bbox 126 693 375 752; x_wconf 88' lang='lat' dir='ltr'><strong>ludumque</strong></span> <span class='ocrx_word' id='word_1_64' title='bbox 420 692 727 749; x_wconf 82' lang='lat' dir='ltr'><strong>fluitantibus,</strong></span> <span class='ocrx_word' id='word_1_65' title='bbox 772 695 824 736; x_wconf 91' lang='lat' dir='ltr'><strong>ut</strong></span> <span class='ocrx_word' id='word_1_66' title='bbox 869 692 1077 736; x_wconf 86' lang='lat' dir='ltr'><strong>flexerint</strong></span> <span class='ocrx_word' id='word_1_67' title='bbox 1123 707 1323 749; x_wconf 88' lang='lat' dir='ltr'><strong>cursum,</strong></span> <span class='ocrx_word' id='word_1_68' title='bbox 1365 692 1566 736; x_wconf 90' lang='lat' dir='ltr'><strong>laborem</strong></span> 
     </span>
     <span class='ocr_line' id='line_1_12' title="bbox 127 754 1569 814; baseline -0.001 -14"><span class='ocrx_word' id='word_1_69' title='bbox 127 756 243 814; x_wconf 85' lang='lat' dir='ltr'><strong>otio,</strong></span> <span class='ocrx_word' id='word_1_70' title='bbox 269 756 414 800; x_wconf 88' lang='lat' dir='ltr'><strong>otium</strong></span> <span class='ocrx_word' id='word_1_71' title='bbox 438 755 594 800; x_wconf 83' lang='lat' dir='ltr'><strong>labore</strong></span> <span class='ocrx_word' id='word_1_72' title='bbox 620 756 804 800; x_wconf 83' lang='lat' dir='ltr'><strong>variare.</strong></span> <span class='ocrx_word' id='word_1_73' title='bbox 858 754 1002 813; x_wconf 81' lang='lat' dir='ltr'><strong>Ripae</strong></span> <span class='ocrx_word' id='word_1_74' title='bbox 1028 755 1206 798; x_wconf 84' lang='lat' dir='ltr'><strong>fraxino</strong></span> <span class='ocrx_word' id='word_1_75' title='bbox 1234 755 1397 811; x_wconf 88' lang='lat' dir='ltr'><strong>multa,</strong></span> <span class='ocrx_word' id='word_1_76' title='bbox 1424 755 1569 798; x_wconf 87' lang='lat' dir='ltr'><strong>multa</strong></span> 
     </span>
     <span class='ocr_line' id='line_1_13' title="bbox 125 818 1566 878; baseline -0.002 -15"><span class='ocrx_word' id='word_1_77' title='bbox 125 819 298 878; x_wconf 92' lang='lat' dir='ltr'><strong>populo</strong></span> <span class='ocrx_word' id='word_1_78' title='bbox 337 818 611 875; x_wconf 81' lang='lat' dir='ltr'><strong>vestiuntur,</strong></span> <span class='ocrx_word' id='word_1_79' title='bbox 651 833 762 875; x_wconf 87' lang='lat' dir='ltr'><strong>quas</strong></span> <span class='ocrx_word' id='word_1_80' title='bbox 801 818 1067 876; x_wconf 90' lang='lat' dir='ltr'><strong>perspicuus</strong></span> <span class='ocrx_word' id='word_1_81' title='bbox 1108 818 1252 862; x_wconf 88' lang='lat' dir='ltr'><strong>amnis</strong></span> <span class='ocrx_word' id='word_1_82' title='bbox 1291 818 1416 861; x_wconf 82' lang='lat' dir='ltr'><strong>velut</strong></span> <span class='ocrx_word' id='word_1_83' title='bbox 1455 832 1566 861; x_wconf 91' lang='lat' dir='ltr'><strong>mer-</strong></span> 
     </span>
     <span class='ocr_line' id='line_1_14' title="bbox 127 879 1568 940; baseline -0.002 -14"><span class='ocrx_word' id='word_1_84' title='bbox 127 897 198 927; x_wconf 86' lang='lat' dir='ltr'><strong>sas</strong></span> <span class='ocrx_word' id='word_1_85' title='bbox 230 881 366 926; x_wconf 85' lang='lat' dir='ltr'><strong>viridi</strong></span> <span class='ocrx_word' id='word_1_86' title='bbox 397 881 594 940; x_wconf 83' lang='lat' dir='ltr'><strong>imagine</strong></span> <span class='ocrx_word' id='word_1_87' title='bbox 627 882 903 926; x_wconf 86' lang='lat' dir='ltr'><strong>adnumerat.</strong></span> <span class='ocrx_word' id='word_1_88' title='bbox 967 879 1113 940; x_wconf 88' lang='lat' dir='ltr'><strong>Rigor</strong></span> <span class='ocrx_word' id='word_1_89' title='bbox 1155 895 1297 937; x_wconf 89' lang='lat' dir='ltr'><strong>aquae</strong></span> <span class='ocrx_word' id='word_1_90' title='bbox 1331 879 1568 924; x_wconf 86' lang='lat' dir='ltr'><strong>certaverit</strong></span> 
     </span>
     <span class='ocr_line' id='line_1_15' title="bbox 124 942 1567 1002; baseline -0.002 -13"><span class='ocrx_word' id='word_1_91' title='bbox 124 943 327 1000; x_wconf 85' lang='lat' dir='ltr'><strong>nivibus,</strong></span> <span class='ocrx_word' id='word_1_92' title='bbox 359 959 443 989; x_wconf 90' lang='lat' dir='ltr'><strong>nec</strong></span> <span class='ocrx_word' id='word_1_93' title='bbox 477 944 604 988; x_wconf 93' lang='lat' dir='ltr'><strong>color</strong></span> <span class='ocrx_word' id='word_1_94' title='bbox 629 943 758 988; x_wconf 85' lang='lat' dir='ltr'><strong>cedit.</strong></span> <span class='ocrx_word' id='word_1_95' title='bbox 824 942 1016 988; x_wconf 84' lang='lat' dir='ltr'><strong>Adiacet</strong></span> <span class='ocrx_word' id='word_1_96' title='bbox 1041 944 1263 1002; x_wconf 89' lang='lat' dir='ltr'><strong>templum</strong></span> <span class='ocrx_word' id='word_1_97' title='bbox 1291 942 1491 1000; x_wconf 92' lang='lat' dir='ltr'><strong>priscum</strong></span> <span class='ocrx_word' id='word_1_98' title='bbox 1522 945 1567 986; x_wconf 92' lang='lat' dir='ltr'><strong>et</strong></span> 
     </span>
     <span class='ocr_line' id='line_1_16' title="bbox 123 1005 1565 1067; baseline -0.001 -16"><span class='ocrx_word' id='word_1_99' title='bbox 123 1007 408 1067; x_wconf 86' lang='lat' dir='ltr'><strong>religiosum:</strong></span> <span class='ocrx_word' id='word_1_100' title='bbox 455 1009 546 1052; x_wconf 89' lang='lat' dir='ltr'><strong>stat</strong></span> <span class='ocrx_word' id='word_1_101' title='bbox 592 1005 847 1051; x_wconf 76' lang='lat' dir='ltr'><strong>Clitumnus</strong></span> <span class='ocrx_word' id='word_1_102' title='bbox 893 1007 990 1064; x_wconf 90' lang='lat' dir='ltr'><strong>ipse</strong></span> <span class='ocrx_word' id='word_1_103' title='bbox 1043 1007 1234 1051; x_wconf 90' lang='lat' dir='ltr'><strong>amictus</strong></span> <span class='ocrx_word' id='word_1_104' title='bbox 1291 1008 1565 1062; x_wconf 83' lang='lat' dir='ltr'><strong>ornatusque</strong></span> 
     </span>
     <span class='ocr_line' id='line_1_17' title="bbox 123 1068 1565 1128; baseline -0.002 -14"><span class='ocrx_word' id='word_1_105' title='bbox 123 1071 376 1128; x_wconf 82' lang='lat' dir='ltr'><strong>praetexta3</strong></span> <span class='ocrx_word' id='word_1_106' title='bbox 407 1084 619 1127; x_wconf 79' lang='lat' dir='ltr'><strong>praesens</strong></span> <span class='ocrx_word' id='word_1_107' title='bbox 659 1085 828 1114; x_wconf 90' lang='lat' dir='ltr'><strong>numen</strong></span> <span class='ocrx_word' id='word_1_108' title='bbox 867 1072 1003 1127; x_wconf 89' lang='lat' dir='ltr'><strong>atque</strong></span> <span class='ocrx_word' id='word_1_109' title='bbox 1046 1069 1181 1113; x_wconf 92' lang='lat' dir='ltr'><strong>etiam</strong></span> <span class='ocrx_word' id='word_1_110' title='bbox 1225 1068 1460 1113; x_wconf 89' lang='lat' dir='ltr'><strong>fatidicum</strong></span> <span class='ocrx_word' id='word_1_111' title='bbox 1500 1068 1565 1111; x_wconf 91' lang='grc'><strong>111-</strong></span> 
     </span>
     <span class='ocr_line' id='line_1_18' title="bbox 125 1130 1564 1190; baseline -0.001 -14"><span class='ocrx_word' id='word_1_112' title='bbox 125 1132 278 1177; x_wconf 85' lang='lat' dir='ltr'><strong>dicant</strong></span> <span class='ocrx_word' id='word_1_113' title='bbox 310 1134 464 1178; x_wconf 89' lang='lat' dir='ltr'><strong>sortes.</strong></span> <span class='ocrx_word' id='word_1_114' title='bbox 532 1130 699 1190; x_wconf 85' lang='lat' dir='ltr'><strong>Sparsa</strong></span> <span class='ocrx_word' id='word_1_115' title='bbox 732 1135 838 1177; x_wconf 91' lang='lat' dir='ltr'><strong>sunt</strong></span> <span class='ocrx_word' id='word_1_116' title='bbox 865 1132 983 1177; x_wconf 87' lang='lat' dir='ltr'><strong>circa</strong></span> <span class='ocrx_word' id='word_1_117' title='bbox 1009 1132 1173 1176; x_wconf 87' lang='lat' dir='ltr'><strong>sacella</strong></span> <span class='ocrx_word' id='word_1_118' title='bbox 1201 1132 1435 1190; x_wconf 89' lang='lat' dir='ltr'><strong>complura</strong></span> <span class='ocrx_word' id='word_1_119' title='bbox 1461 1131 1564 1174; x_wconf 87' lang='lat' dir='ltr'><strong>toti-</strong></span> 
     </span>
     <span class='ocr_line' id='line_1_19' title="bbox 125 1193 1564 1253; baseline -0.001 -14"><span class='ocrx_word' id='word_1_120' title='bbox 125 1194 315 1253; x_wconf 90' lang='lat' dir='ltr'><strong>demque</strong></span> <span class='ocrx_word' id='word_1_121' title='bbox 348 1195 406 1238; x_wconf 90' lang='lat' dir='ltr'><strong>di.</strong></span> <span class='ocrx_word' id='word_1_122' title='bbox 472 1193 564 1239; x_wconf 84' lang='lat' dir='ltr'><strong>Sua</strong></span> <span class='ocrx_word' id='word_1_123' title='bbox 597 1195 760 1253; x_wconf 91' lang='lat' dir='ltr'><strong>cuique</strong></span> <span class='ocrx_word' id='word_1_124' title='bbox 793 1195 1041 1253; x_wconf 85' lang='lat' dir='ltr'><strong>veneratio,</strong></span> <span class='ocrx_word' id='word_1_125' title='bbox 1083 1210 1215 1239; x_wconf 89' lang='lat' dir='ltr'><strong>suum</strong></span> <span class='ocrx_word' id='word_1_126' title='bbox 1248 1209 1435 1251; x_wconf 91' lang='lat' dir='ltr'><strong>nomen,</strong></span> <span class='ocrx_word' id='word_1_127' title='bbox 1468 1193 1564 1251; x_wconf 85' lang='lat' dir='ltr'><strong>qui-</strong></span> 
     </span>
     <span class='ocr_line' id='line_1_20' title="bbox 121 1257 1565 1315; baseline -0.002 -12"><span class='ocrx_word' id='word_1_128' title='bbox 121 1258 312 1303; x_wconf 90' lang='lat' dir='ltr'><strong>busdam</strong></span> <span class='ocrx_word' id='word_1_129' title='bbox 349 1273 451 1302; x_wconf 84' lang='lat' dir='ltr'><strong>vero</strong></span> <span class='ocrx_word' id='word_1_130' title='bbox 486 1257 622 1303; x_wconf 86' lang='lat' dir='ltr'><strong>etiam</strong></span> <span class='ocrx_word' id='word_1_131' title='bbox 662 1258 822 1302; x_wconf 87' lang='lat' dir='ltr'><strong>fontes.</strong></span> <span class='ocrx_word' id='word_1_132' title='bbox 888 1257 1009 1303; x_wconf 88' lang='lat' dir='ltr'><strong>Nam</strong></span> <span class='ocrx_word' id='word_1_133' title='bbox 1048 1260 1226 1315; x_wconf 88' lang='lat' dir='ltr'><strong>praeter</strong></span> <span class='ocrx_word' id='word_1_134' title='bbox 1264 1257 1393 1301; x_wconf 90' lang='lat' dir='ltr'><strong>illum</strong></span> <span class='ocrx_word' id='word_1_135' title='bbox 1436 1257 1565 1314; x_wconf 87' lang='lat' dir='ltr'><strong>quasi</strong></span> 
     </span>
     <span class='ocr_line' id='line_1_21' title="bbox 121 1319 1564 1379; baseline -0.002 -14"><span class='ocrx_word' id='word_1_136' title='bbox 121 1323 355 1379; x_wconf 90' lang='lat' dir='ltr'><strong>parentem</strong></span> <span class='ocrx_word' id='word_1_137' title='bbox 389 1323 641 1365; x_wconf 87' lang='lat' dir='ltr'><strong>ceterorum</strong></span> <span class='ocrx_word' id='word_1_138' title='bbox 676 1323 782 1365; x_wconf 89' lang='lat' dir='ltr'><strong>sunt</strong></span> <span class='ocrx_word' id='word_1_139' title='bbox 820 1321 1016 1365; x_wconf 90' lang='lat' dir='ltr'><strong>minores</strong></span> <span class='ocrx_word' id='word_1_140' title='bbox 1058 1320 1204 1379; x_wconf 88' lang='lat' dir='ltr'><strong>capite</strong></span> <span class='ocrx_word' id='word_1_141' title='bbox 1244 1319 1445 1376; x_wconf 86' lang='lat' dir='ltr'><strong>discreti3</strong></span> <span class='ocrx_word' id='word_1_142' title='bbox 1486 1319 1564 1363; x_wconf 91' lang='lat' dir='ltr'><strong>sed</strong></span> 
     </span>
     <span class='ocr_line' id='line_1_22' title="bbox 122 1381 1563 1454; baseline -0.002 -26"><span class='ocrx_word' id='word_1_143' title='bbox 122 1383 302 1428; x_wconf 88' lang='lat' dir='ltr'><strong>flumini</strong></span> <span class='ocrx_word' id='word_1_144' title='bbox 328 1383 586 1439; x_wconf 82' lang='lat' dir='ltr'><strong>miscentur,</strong></span> <span class='ocrx_word' id='word_1_145' title='bbox 608 1384 728 1442; x_wconf 90' lang='lat' dir='ltr'><strong>quod</strong></span> <span class='ocrx_word' id='word_1_146' title='bbox 749 1387 888 1454; x_wconf 82' lang='lat' dir='ltr'><strong>ponte</strong></span> <span class='ocrx_word' id='word_1_147' title='bbox 909 1383 1244 1428; x_wconf 86' lang='lat' dir='ltr'><strong>transmittitur.</strong></span> <span class='ocrx_word' id='word_1_148' title='bbox 1278 1381 1322 1426; x_wconf 90' lang='lat' dir='ltr'><strong>Is</strong></span> <span class='ocrx_word' id='word_1_149' title='bbox 1343 1381 1563 1426; x_wconf 88' lang='lat' dir='ltr'><strong>terminus</strong></span> 
     </span>
     <span class='ocr_line' id='line_1_23' title="bbox 123 1444 1562 1505; baseline -0.001 -15"><span class='ocrx_word' id='word_1_150' title='bbox 123 1446 238 1491; x_wconf 88' lang='lat' dir='ltr'><strong>sacri</strong></span> <span class='ocrx_word' id='word_1_151' title='bbox 264 1445 551 1505; x_wconf 87' lang='lat' dir='ltr'><strong>profanique:</strong></span> <span class='ocrx_word' id='word_1_152' title='bbox 580 1447 629 1490; x_wconf 91' lang='lat' dir='ltr'><strong>in</strong></span> <span class='ocrx_word' id='word_1_153' title='bbox 649 1447 879 1504; x_wconf 85' lang='lat' dir='ltr'><strong>superiore</strong></span> <span class='ocrx_word' id='word_1_154' title='bbox 900 1449 1027 1505; x_wconf 86' lang='lat' dir='ltr'><strong>parte</strong></span> <span class='ocrx_word' id='word_1_155' title='bbox 1047 1446 1261 1505; x_wconf 85' lang='lat' dir='ltr'><strong>navigare</strong></span> <span class='ocrx_word' id='word_1_156' title='bbox 1286 1447 1477 1502; x_wconf 88' lang='lat' dir='ltr'><strong>tantum,</strong></span> <span class='ocrx_word' id='word_1_157' title='bbox 1497 1444 1562 1488; x_wconf 87' lang='lat' dir='ltr'><strong>in-</strong></span> 
     </span>
     <span class='ocr_line' id='line_1_24' title="bbox 120 1481 1561 1567; baseline -0.001 -14"><span class='ocrx_word' id='word_1_158' title='bbox 120 1509 191 1553; x_wconf 80' lang='lat' dir='ltr'><strong>fra</strong></span> <span class='ocrx_word' id='word_1_159' title='bbox 210 1509 347 1554; x_wconf 89' lang='lat' dir='ltr'><strong>etiam</strong></span> <span class='ocrx_word' id='word_1_160' title='bbox 366 1511 522 1553; x_wconf 87' lang='lat' dir='ltr'><strong>natare</strong></span> <span class='ocrx_word' id='word_1_161' title='bbox 536 1524 814 1554; x_wconf 87' lang='lat' dir='ltr'><strong>concessum.</strong></span> <span class='ocrx_word' id='word_1_162' title='bbox 839 1509 1077 1554; x_wconf 88' lang='lat' dir='ltr'><strong>Balineum</strong></span> <span class='ocrx_word' id='word_1_163' title='bbox 1093 1508 1383 1567; x_wconf 84' lang='lat' dir='ltr'><strong>Hispellates,</strong></span> <span class='ocrx_word' id='word_1_164' title='bbox 1397 1481 1561 1565; x_wconf 75' lang='lat' dir='ltr'><strong>quibus</strong></span> 
     </span>
     <span class='ocr_line' id='line_1_25' title="bbox 119 1571 1562 1631; baseline -0.001 -15"><span class='ocrx_word' id='word_1_165' title='bbox 119 1571 251 1616; x_wconf 90' lang='lat' dir='ltr'><strong>illum</strong></span> <span class='ocrx_word' id='word_1_166' title='bbox 281 1572 434 1616; x_wconf 90' lang='lat' dir='ltr'><strong>locum</strong></span> <span class='ocrx_word' id='word_1_167' title='bbox 467 1571 597 1616; x_wconf 82' lang='lat' dir='ltr'><strong>divus</strong></span> <span class='ocrx_word' id='word_1_168' title='bbox 631 1571 866 1631; x_wconf 86' lang='lat' dir='ltr'><strong>Augustus</strong></span> <span class='ocrx_word' id='word_1_169' title='bbox 901 1572 1019 1616; x_wconf 90' lang='lat' dir='ltr'><strong>dono</strong></span> <span class='ocrx_word' id='word_1_170' title='bbox 1054 1571 1197 1628; x_wconf 89' lang='lat' dir='ltr'><strong>dedit,</strong></span> <span class='ocrx_word' id='word_1_171' title='bbox 1228 1571 1410 1629; x_wconf 91' lang='lat' dir='ltr'><strong>publice</strong></span> <span class='ocrx_word' id='word_1_172' title='bbox 1435 1585 1562 1628; x_wconf 90' lang='lat' dir='ltr'><strong>prae-</strong></span> 
     </span>
     <span class='ocr_line' id='line_1_26' title="bbox 118 1633 1561 1693; baseline -0.002 -14"><span class='ocrx_word' id='word_1_173' title='bbox 118 1635 247 1692; x_wconf 86' lang='lat' dir='ltr'><strong>bent,</strong></span> <span class='ocrx_word' id='word_1_174' title='bbox 277 1634 496 1693; x_wconf 88' lang='lat' dir='ltr'><strong>praebent</strong></span> <span class='ocrx_word' id='word_1_175' title='bbox 529 1637 574 1679; x_wconf 93' lang='lat' dir='ltr'><strong>et</strong></span> <span class='ocrx_word' id='word_1_176' title='bbox 605 1635 869 1692; x_wconf 86' lang='lat' dir='ltr'><strong>hospitium.</strong></span> <span class='ocrx_word' id='word_1_177' title='bbox 933 1634 1031 1679; x_wconf 90' lang='lat' dir='ltr'><strong>Nec</strong></span> <span class='ocrx_word' id='word_1_178' title='bbox 1064 1635 1227 1678; x_wconf 90' lang='lat' dir='ltr'><strong>desunt</strong></span> <span class='ocrx_word' id='word_1_179' title='bbox 1258 1633 1413 1690; x_wconf 86' lang='lat' dir='ltr'><strong>villae,</strong></span> <span class='ocrx_word' id='word_1_180' title='bbox 1446 1648 1561 1690; x_wconf 88' lang='lat' dir='ltr'><strong>quae</strong></span> 
     </span>
     <span class='ocr_line' id='line_1_27' title="bbox 119 1694 1561 1756; baseline -0.002 -14"><span class='ocrx_word' id='word_1_181' title='bbox 119 1700 299 1742; x_wconf 86' lang='lat' dir='ltr'><strong>secutae</strong></span> <span class='ocrx_word' id='word_1_182' title='bbox 313 1697 513 1741; x_wconf 88' lang='lat' dir='ltr'><strong>fluminis</strong></span> <span class='ocrx_word' id='word_1_183' title='bbox 529 1698 848 1742; x_wconf 83' lang='lat' dir='ltr'><strong>amoenitatem</strong></span> <span class='ocrx_word' id='word_1_184' title='bbox 864 1697 1058 1756; x_wconf 84' lang='lat' dir='ltr'><strong>margini</strong></span> <span class='ocrx_word' id='word_1_185' title='bbox 1072 1697 1300 1741; x_wconf 83' lang='lat' dir='ltr'><strong>insistunt.</strong></span> <span class='ocrx_word' id='word_1_186' title='bbox 1314 1694 1370 1740; x_wconf 91' lang='lat' dir='ltr'><strong>In</strong></span> <span class='ocrx_word' id='word_1_187' title='bbox 1384 1711 1561 1740; x_wconf 90' lang='lat' dir='ltr'><strong>summa</strong></span> 
     </span>
     <span class='ocr_line' id='line_1_28' title="bbox 118 1758 1559 1818; baseline -0.002 -13"><span class='ocrx_word' id='word_1_188' title='bbox 118 1759 235 1805; x_wconf 88' lang='lat' dir='ltr'><strong>nihil</strong></span> <span class='ocrx_word' id='word_1_189' title='bbox 261 1760 368 1818; x_wconf 88' lang='lat' dir='ltr'><strong>erit,</strong></span> <span class='ocrx_word' id='word_1_190' title='bbox 394 1776 450 1804; x_wconf 85' lang='lat' dir='ltr'><strong>ex</strong></span> <span class='ocrx_word' id='word_1_191' title='bbox 476 1775 566 1818; x_wconf 92' lang='lat' dir='ltr'><strong>quo</strong></span> <span class='ocrx_word' id='word_1_192' title='bbox 593 1776 686 1804; x_wconf 90' lang='lat' dir='ltr'><strong>non</strong></span> <span class='ocrx_word' id='word_1_193' title='bbox 714 1761 863 1818; x_wconf 86' lang='lat' dir='ltr'><strong>capias</strong></span> <span class='ocrx_word' id='word_1_194' title='bbox 885 1760 1177 1818; x_wconf 85' lang='lat' dir='ltr'><strong>voluptatem.</strong></span> <span class='ocrx_word' id='word_1_195' title='bbox 1211 1758 1331 1803; x_wconf 89' lang='lat' dir='ltr'><strong>Nam</strong></span> <span class='ocrx_word' id='word_1_196' title='bbox 1359 1759 1559 1803; x_wconf 91' lang='lat' dir='ltr'><strong>studebis</strong></span> 
     </span>
     <span class='ocr_line' id='line_1_29' title="bbox 120 1821 1560 1882; baseline -0.001 -15"><span class='ocrx_word' id='word_1_197' title='bbox 120 1837 318 1880; x_wconf 85' lang='lat' dir='ltr'><strong>quoque3</strong></span> <span class='ocrx_word' id='word_1_198' title='bbox 350 1823 474 1882; x_wconf 88' lang='lat' dir='ltr'><strong>leges</strong></span> <span class='ocrx_word' id='word_1_199' title='bbox 508 1823 652 1866; x_wconf 87' lang='lat' dir='ltr'><strong>multa</strong></span> <span class='ocrx_word' id='word_1_200' title='bbox 685 1823 932 1866; x_wconf 90' lang='lat' dir='ltr'><strong>multorum</strong></span> <span class='ocrx_word' id='word_1_201' title='bbox 960 1823 1169 1867; x_wconf 90' lang='lat' dir='ltr'><strong>omnibus</strong></span> <span class='ocrx_word' id='word_1_202' title='bbox 1197 1821 1439 1879; x_wconf 88' lang='lat' dir='ltr'><strong>columnis,</strong></span> <span class='ocrx_word' id='word_1_203' title='bbox 1467 1837 1560 1865; x_wconf 91' lang='lat' dir='ltr'><strong>om-</strong></span> 
     </span>
    </p>
   </div>
   <div class='ocr_carea' id='block_1_5' title="bbox 48 1885 1559 1943">
    <p class='ocr_par' dir='ltr' id='par_1_5' title="bbox 48 1885 1559 1943">
     <span class='ocr_line' id='line_1_30' title="bbox 48 1885 1559 1943; baseline -0.001 -14"><span class='ocrx_word' id='word_1_204' title='bbox 48 1933 52 1937; x_wconf 50' lang='grc'>,</span> <span class='ocrx_word' id='word_1_205' title='bbox 118 1885 252 1930; x_wconf 90' lang='lat' dir='ltr'><strong>nibus</strong></span> <span class='ocrx_word' id='word_1_206' title='bbox 298 1885 545 1943; x_wconf 88' lang='lat' dir='ltr'><strong>parietibus</strong></span> <span class='ocrx_word' id='word_1_207' title='bbox 592 1885 833 1943; x_wconf 88' lang='lat' dir='ltr'><strong>inscripta,</strong></span> <span class='ocrx_word' id='word_1_208' title='bbox 879 1885 1043 1943; x_wconf 89' lang='lat' dir='ltr'><strong>quibus</strong></span> <span class='ocrx_word' id='word_1_209' title='bbox 1088 1885 1191 1929; x_wconf 89' lang='lat' dir='ltr'><strong>fons</strong></span> <span class='ocrx_word' id='word_1_210' title='bbox 1238 1885 1315 1929; x_wconf 90' lang='lat' dir='ltr'><strong>ille</strong></span> <span class='ocrx_word' id='word_1_211' title='bbox 1360 1885 1559 1941; x_wconf 87' lang='lat' dir='ltr'><strong>deusque</strong></span> 
     </span>
    </p>
   </div>
   <div class='ocr_carea' id='block_1_6' title="bbox 117 1947 1557 2068">
    <p class='ocr_par' dir='ltr' id='par_1_6' title="bbox 117 1947 1557 2068">
     <span class='ocr_line' id='line_1_31' title="bbox 119 1947 1557 2006; baseline -0.001 -14"><span class='ocrx_word' id='word_1_212' title='bbox 119 1948 382 1993; x_wconf 88' lang='lat' dir='ltr'><strong>celebratur.</strong></span> <span class='ocrx_word' id='word_1_213' title='bbox 416 1947 554 1991; x_wconf 92' lang='lat' dir='ltr'><strong>Plura</strong></span> <span class='ocrx_word' id='word_1_214' title='bbox 573 1948 790 2006; x_wconf 85' lang='lat' dir='ltr'><strong>laudabis,</strong></span> <span class='ocrx_word' id='word_1_215' title='bbox 810 1963 902 1992; x_wconf 89' lang='lat' dir='ltr'><strong>non</strong></span> <span class='ocrx_word' id='word_1_216' title='bbox 922 1949 1049 1992; x_wconf 85' lang='lat' dir='ltr'><strong>nulla</strong></span> <span class='ocrx_word' id='word_1_217' title='bbox 1067 1948 1256 2005; x_wconf 80' lang='lat' dir='ltr'><strong>ridebis3</strong></span> <span class='ocrx_word' id='word_1_218' title='bbox 1284 1962 1557 2005; x_wconf 88' lang='lat' dir='ltr'><strong>quamquam</strong></span> 
     </span>
     <span class='ocr_line' id='line_1_32' title="bbox 117 2009 1459 2068; baseline -0.001 -13"><span class='ocrx_word' id='word_1_219' title='bbox 117 2013 169 2055; x_wconf 90' lang='lat' dir='ltr'><strong>tu</strong></span> <span class='ocrx_word' id='word_1_220' title='bbox 202 2025 327 2068; x_wconf 84' lang='lat' dir='ltr'><strong>vero,</strong></span> <span class='ocrx_word' id='word_1_221' title='bbox 362 2025 476 2068; x_wconf 89' lang='lat' dir='ltr'><strong>quae</strong></span> <span class='ocrx_word' id='word_1_222' title='bbox 508 2013 588 2054; x_wconf 89' lang='lat' dir='ltr'><strong>tua</strong></span> <span class='ocrx_word' id='word_1_223' title='bbox 619 2010 899 2068; x_wconf 89' lang='lat' dir='ltr'><strong>humanitas,</strong></span> <span class='ocrx_word' id='word_1_224' title='bbox 929 2011 1056 2055; x_wconf 89' lang='lat' dir='ltr'><strong>nulla</strong></span> <span class='ocrx_word' id='word_1_225' title='bbox 1089 2011 1267 2054; x_wconf 91' lang='lat' dir='ltr'><strong>ridebis.</strong></span> <span class='ocrx_word' id='word_1_226' title='bbox 1333 2009 1459 2054; x_wconf 90' lang='lat' dir='ltr'><strong>Vale.</strong></span> 
     </span>
    </p>
   </div>
   <div class='ocr_carea' id='block_1_7' title="bbox 520 2108 1198 2252">
    <p class='ocr_par' dir='ltr' id='par_1_7' title="bbox 520 2108 1198 2252">
     <span class='ocr_line' id='line_1_33' title="bbox 800 2108 1198 2170; baseline 0 -2"><span class='ocrx_word' id='word_1_227' title='bbox 800 2128 873 2169; x_wconf 88' lang='lat' dir='ltr'><strong>IX.</strong></span> <span class='ocrx_word' id='word_1_228' title='bbox 956 2108 1008 2166; x_wconf 65' lang='lat' dir='ltr'><strong>Alo</strong></span> <span class='ocrx_word' id='word_1_229' title='bbox 1034 2120 1198 2170; x_wconf 60' lang='lat' dir='ltr'><strong>haim</strong></span> 
     </span>
     <span class='ocr_line' id='line_1_34' title="bbox 520 2217 1151 2252; baseline 0.002 -2"><span class='ocrx_word' id='word_1_230' title='bbox 520 2217 563 2251; x_wconf 74' lang='lat' dir='ltr'><strong>C.</strong></span> <span class='ocrx_word' id='word_1_231' title='bbox 587 2217 793 2251; x_wconf 81' lang='lat' dir='ltr'>PLINIUS</span> <span class='ocrx_word' id='word_1_232' title='bbox 822 2217 955 2252; x_wconf 81' lang='lat' dir='ltr'>URSO</span> <span class='ocrx_word' id='word_1_233' title='bbox 986 2218 1082 2252; x_wconf 78' lang='lat' dir='ltr'><strong>SUO</strong></span> <span class='ocrx_word' id='word_1_234' title='bbox 1113 2218 1151 2251; x_wconf 74' lang='lat' dir='ltr'><strong>S.</strong></span> 
     </span>
    </p>
   </div>
   <div class='ocr_carea' id='block_1_8' title="bbox 116 2297 1555 2420">
    <p class='ocr_par' dir='ltr' id='par_1_8' title="bbox 116 2297 1555 2420">
     <span class='ocr_line' id='line_1_35' title="bbox 210 2297 1555 2357; baseline -0.001 -14"><span class='ocrx_word' id='word_1_235' title='bbox 210 2297 330 2343; x_wconf 90' lang='lat' dir='ltr'><strong>Olim</strong></span> <span class='ocrx_word' id='word_1_236' title='bbox 375 2314 469 2343; x_wconf 89' lang='lat' dir='ltr'><strong>non</strong></span> <span class='ocrx_word' id='word_1_237' title='bbox 513 2299 682 2343; x_wconf 88' lang='lat' dir='ltr'><strong>librum</strong></span> <span class='ocrx_word' id='word_1_238' title='bbox 727 2299 774 2343; x_wconf 89' lang='lat' dir='ltr'><strong>in</strong></span> <span class='ocrx_word' id='word_1_239' title='bbox 821 2315 1003 2357; x_wconf 89' lang='lat' dir='ltr'><strong>manus,</strong></span> <span class='ocrx_word' id='word_1_240' title='bbox 1041 2315 1133 2344; x_wconf 91' lang='lat' dir='ltr'><strong>non</strong></span> <span class='ocrx_word' id='word_1_241' title='bbox 1175 2300 1330 2343; x_wconf 90' lang='lat' dir='ltr'><strong>stilum</strong></span> <span class='ocrx_word' id='word_1_242' title='bbox 1370 2299 1555 2356; x_wconf 91' lang='lat' dir='ltr'><strong>sumpsi,</strong></span> 
     </span>
     <span class='ocr_line' id='line_1_36' title="bbox 116 2361 1555 2420; baseline -0.001 -14"><span class='ocrx_word' id='word_1_243' title='bbox 116 2361 226 2406; x_wconf 89' lang='lat' dir='ltr'><strong>olim</strong></span> <span class='ocrx_word' id='word_1_244' title='bbox 258 2361 430 2420; x_wconf 90' lang='lat' dir='ltr'><strong>nescio,</strong></span> <span class='ocrx_word' id='word_1_245' title='bbox 465 2362 573 2419; x_wconf 89' lang='lat' dir='ltr'><strong>quid</strong></span> <span class='ocrx_word' id='word_1_246' title='bbox 608 2362 667 2406; x_wconf 91' lang='lat' dir='ltr'><strong>sit</strong></span> <span class='ocrx_word' id='word_1_247' title='bbox 700 2363 862 2420; x_wconf 90' lang='lat' dir='ltr'><strong>otium,</strong></span> <span class='ocrx_word' id='word_1_248' title='bbox 897 2363 1006 2420; x_wconf 90' lang='lat' dir='ltr'><strong>quid</strong></span> <span class='ocrx_word' id='word_1_249' title='bbox 1041 2363 1187 2420; x_wconf 88' lang='lat' dir='ltr'><strong>quies,</strong></span> <span class='ocrx_word' id='word_1_250' title='bbox 1221 2361 1329 2419; x_wconf 88' lang='lat' dir='ltr'><strong>quid</strong></span> <span class='ocrx_word' id='word_1_251' title='bbox 1363 2361 1555 2419; x_wconf 88' lang='lat' dir='ltr'><strong>denique</strong></span> 
     </span>
    </p>
   </div>
   <div class='ocr_carea' id='block_1_9' title="bbox 116 2429 417 2438">
    <p class='ocr_par' dir='ltr' id='par_1_9' title="bbox 116 2429 417 2438">
     <span class='ocr_line' id='line_1_37' title="bbox 116 2429 417 2438; baseline 0 0"><span class='ocrx_word' id='word_1_252' title='bbox 116 2429 417 2438; x_wconf 95' lang='lat' dir='ltr'><strong> </strong></span> 
     </span>
    </p>
   </div>
   <div class='ocr_carea' id='block_1_10' title="bbox 113 2471 1554 2570">
    <p class='ocr_par' dir='ltr' id='par_1_10' title="bbox 113 2471 1554 2570">
     <span class='ocr_line' id='line_1_38' title="bbox 217 2471 1554 2520; baseline 0.001 -13"><span class='ocrx_word' id='word_1_253' title='bbox 217 2475 236 2507; x_wconf 94' lang='lat'><strong>1</strong></span> <span class='ocrx_word' id='word_1_254' title='bbox 258 2471 467 2519; x_wconf 88' lang='lat' dir='ltr'><strong>inpellitur</strong></span> <span class='ocrx_word' id='word_1_255' title='bbox 487 2473 574 2509; x_wconf 83' lang='lat' dir='ltr'><strong>fons</strong></span> <span class='ocrx_word' id='word_1_256' title='bbox 597 2473 748 2518; x_wconf 65' lang='lat' dir='ltr'><strong>Muezz„</strong></span> <span class='ocrx_word' id='word_1_257' title='bbox 769 2473 985 2520; x_wconf 87' lang='lat' dir='ltr'><strong>inpellitur.</strong></span> <span class='ocrx_word' id='word_1_258' title='bbox 1027 2473 1129 2510; x_wconf 86' lang='lat' dir='ltr'><strong>Fons</strong></span> <span class='ocrx_word' id='word_1_259' title='bbox 1150 2474 1230 2510; x_wconf 83' lang='lat' dir='ltr'><strong>rell.</strong></span> <span class='ocrx_word' id='word_1_260' title='bbox 1322 2475 1368 2509; x_wconf 92' lang='grc'><strong>10</strong></span> <span class='ocrx_word' id='word_1_261' title='bbox 1388 2472 1496 2509; x_wconf 88' lang='lat' dir='ltr'><strong>velut</strong></span> <span class='ocrx_word' id='word_1_262' title='bbox 1517 2485 1554 2515; x_wconf 89' lang='grc' dir='ltr'><strong>α,</strong></span> 
     </span>
     <span class='ocr_line' id='line_1_39' title="bbox 113 2521 1552 2570; baseline 0.001 -12"><span class='ocrx_word' id='word_1_263' title='bbox 113 2522 160 2558; x_wconf 90' lang='lat' dir='ltr'><strong>ut</strong></span> <span class='ocrx_word' id='word_1_264' title='bbox 179 2521 241 2567; x_wconf 83' lang='lat' dir='ltr'><strong>M,</strong></span> <span class='ocrx_word' id='word_1_265' title='bbox 262 2522 315 2559; x_wconf 90' lang='lat' dir='ltr'><strong>K.</strong></span> <span class='ocrx_word' id='word_1_266' title='bbox 327 2523 362 2560; x_wconf 90' lang='lat'><strong>1.</strong></span> <span class='ocrx_word' id='word_1_267' title='bbox 467 2526 513 2559; x_wconf 86' lang='lat'><strong>23</strong></span> <span class='ocrx_word' id='word_1_268' title='bbox 535 2525 576 2560; x_wconf 89' lang='lat' dir='ltr'><strong>et</strong></span> <span class='ocrx_word' id='word_1_269' title='bbox 595 2534 666 2560; x_wconf 89' lang='lat' dir='ltr'><strong>om.</strong></span> <span class='ocrx_word' id='word_1_270' title='bbox 683 2524 757 2569; x_wconf 70' lang='lat' dir='ltr'><strong>M„</strong></span> <span class='ocrx_word' id='word_1_271' title='bbox 774 2524 825 2560; x_wconf 92' lang='lat' dir='ltr'><strong>K.</strong></span> <span class='ocrx_word' id='word_1_272' title='bbox 842 2525 876 2569; x_wconf 91' lang='lat' dir='ltr'><strong>I,</strong></span> <span class='ocrx_word' id='word_1_273' title='bbox 897 2536 929 2561; x_wconf 85' lang='lat' dir='ltr'><strong>v.</strong></span> <span class='ocrx_word' id='word_1_274' title='bbox 948 2524 1046 2570; x_wconf 79' lang='lat' dir='ltr'><strong>disp.</strong></span> <span class='ocrx_word' id='word_1_275' title='bbox 1062 2525 1185 2561; x_wconf 83' lang='lat'><strong><em>1117.</em></strong></span> <span class='ocrx_word' id='word_1_276' title='bbox 1241 2535 1243 2537; x_wconf 90' lang='lat'>·</span> <span class='ocrx_word' id='word_1_277' title='bbox 1267 2526 1271 2531; x_wconf 88' lang='lat'>&#39;</span> <span class='ocrx_word' id='word_1_278' title='bbox 1290 2527 1337 2560; x_wconf 88' lang='lat'><strong>25</strong></span> <span class='ocrx_word' id='word_1_279' title='bbox 1359 2524 1495 2570; x_wconf 84' lang='lat' dir='ltr'><strong>captes</strong></span> <span class='ocrx_word' id='word_1_280' title='bbox 1517 2535 1552 2559; x_wconf 90' lang='lat' dir='ltr'><strong>a.</strong></span> 
     </span>
    </p>
   </div>
   <div class='ocr_carea' id='block_1_11' title="bbox 1594 641 1618 674">
    <p class='ocr_par' dir='ltr' id='par_1_11' title="bbox 1594 641 1618 674">
     <span class='ocr_line' id='line_1_40' title="bbox 1594 641 1618 674; baseline 0 0"><span class='ocrx_word' id='word_1_281' title='bbox 1594 641 1618 674; x_wconf 84' lang='lat'>4</span> 
     </span>
    </p>
   </div>
   <div class='ocr_carea' id='block_1_12' title="bbox 1594 953 1615 986">
    <p class='ocr_par' dir='ltr' id='par_1_12' title="bbox 1594 953 1615 986">
     <span class='ocr_line' id='line_1_41' title="bbox 1594 953 1615 986; baseline 0 0"><span class='ocrx_word' id='word_1_282' title='bbox 1594 953 1615 986; x_wconf 89' lang='grc'>5</span> 
     </span>
    </p>
   </div>
   <div class='ocr_carea' id='block_1_13' title="bbox 1591 1393 1613 1426">
    <p class='ocr_par' dir='ltr' id='par_1_13' title="bbox 1591 1393 1613 1426">
     <span class='ocr_line' id='line_1_42' title="bbox 1591 1393 1613 1426; baseline 0 0"><span class='ocrx_word' id='word_1_283' title='bbox 1591 1393 1613 1426; x_wconf 92' lang='grc'>6</span> 
     </span>
    </p>
   </div>
   <div class='ocr_carea' id='block_1_14' title="bbox 1585 2311 1604 2344">
    <p class='ocr_par' dir='ltr' id='par_1_14' title="bbox 1585 2311 1604 2344">
     <span class='ocr_line' id='line_1_43' title="bbox 1585 2311 1604 2344; baseline 0 0"><span class='ocrx_word' id='word_1_284' title='bbox 1585 2311 1604 2344; x_wconf 89' lang='grc'><strong>1</strong></span> 
     </span>
    </p>
   </div>
  </div>
 </body>
</html>
