1716 2742
187 130 279 180 330
799 128 839 169 8.
860 129 997 168 PL1N1

183 250 426 308 imperator
457 250 502 292 et
534 248 647 291 alius
682 249 807 292 esset.
849 245 1017 290 Audita
1050 248 1155 291 sunt
1187 247 1293 290 vota
1325 247 1421 302 tua,
1455 243 1531 289 sed
1565 244 1613 288 in

184 314 402 370 quantum
448 310 619 368 optimo
672 310 739 354 illi
791 312 836 353 et
885 309 1166 354 sanctissimo
1213 308 1309 352 seni
1357 307 1468 352 utile
1512 307 1612 364 fuit,

185 390 316 432 quem
351 373 396 417 di
428 373 528 418 ideo
571 373 693 418 caelo
728 372 1087 429 vindicaverunt,
1125 387 1181 416 ne
1215 371 1324 429 quid
1362 372 1468 429 post
1499 369 1614 414 illud

134 450 156 484 ὅ
185 437 386 481 divinum
429 438 474 480 et
513 436 751 480 inmortale
783 435 954 480 factum
987 434 1175 478 mortale
1207 433 1384 478 faceret.
1449 431 1614 477 Deberi

185 499 351 558 quippe
372 498 567 543 maximo
589 498 715 557 operi
734 499 851 542 hanc
870 497 1223 554 venerationem,
1243 498 1295 540 ut
1314 495 1612 540 novissimum
1640 508 1656 535 5

184 565 320 620 esset,
352 564 670 619 auctoremque
698 561 792 606 81118
820 560 970 605 statim
1000 558 1366 617 consecrandum,
1397 561 1450 603 ut
1476 573 1614 616 quan-

184 626 331 683 doque
373 625 490 669 inter
531 627 737 683 posteros
779 625 1084 681 quaereretur,
1128 638 1185 667 an
1223 621 1337 666 illud
1376 621 1465 665 iam
1507 620 1614 665 deus

136 700 156 733 6
184 688 375 733 fecisset.
433 686 503 732 Ita
535 687 613 732 ille
645 687 772 731 nullo
806 687 949 746 magis
983 685 1165 730 nomine
1198 684 1407 743 publicus
1440 698 1615 742 parem,

184 766 319 809 quam
354 750 460 809 quia
491 753 608 795 tuus.
673 748 838 809 Ingens
872 749 1018 808 gloria
1050 748 1299 807 ingensque
1330 747 1471 805 fama3
1512 761 1615 791 cum

183 814 360 858 abunde
393 815 602 872 expertus
637 816 774 871 esset,
807 827 941 870 quam
974 812 1086 856 bene
1119 811 1285 855 umeris
1318 809 1408 854 tuis
1443 809 1615 855 sederet
1642 823 1678 850 10

184 876 442 935 imperium,
462 876 548 920 tibi
567 878 729 931 terras,
756 878 800 919 te
821 875 952 919 terris
973 874 1157 932 reliquit
1178 889 1230 918 eo
1250 873 1350 932 ipso
1373 887 1500 918 carus
1522 887 1615 916 om-

183 941 315 985 nibus
328 955 379 984 ac
394 939 725 996 desiderandus,
747 938 868 995 quod
882 939 1188 996 prospexerat,
1207 952 1265 981 ne
1276 935 1614 981 desideraretur.

109 1001 166 1050 11
279 1002 422 1056 Quem
441 1005 492 1046 tu
512 1002 709 1047 lacrimis
730 1001 948 1059 primum,
974 1000 1038 1044 ita
1063 1003 1115 1044 ut
1141 999 1287 1044 filium
1314 998 1482 1056 decuit,
1509 1013 1616 1042 mox

183 1066 364 1124 templis
390 1065 641 1111 honestasti
666 1080 759 1109 non
785 1064 988 1109 imitatus
1016 1063 1139 1121 illos,
1167 1062 1245 1120 qui
1267 1062 1355 1107 1108
1381 1061 1511 1119 1118111,
1539 1059 1616 1105 sed

184 1128 272 1173 alia
303 1130 453 1173 mente
485 1128 700 1173 fecerunt.
753 1126 934 1172 Dicavit
966 1127 1089 1171 caelo
1117 1125 1323 1170 Tiberius
1346 1123 1618 1184 Augustum,
1643 1136 1680 1165 15

184 1192 262 1236 sed
288 1194 340 1236 ut
365 1191 612 1236 maiestatis
640 1191 809 1235 crimen
835 1189 1083 1248 induceret,
1113 1187 1349 1233 Claudium
1369 1186 1513 1245 Nero,
1541 1186 1618 1231 sed

185 1257 237 1299 ut
262 1254 493 1312 inrideret,
507 1253 838 1312 Vespasianum
859 1252 1006 1310 Titus,
1033 1251 1320 1296 Domitianus
1341 1249 1515 1308 Titum,
1541 1248 1619 1295 sed

135 1329 157 1362 2
185 1317 281 1376 ille,
312 1319 364 1361 ut
390 1317 461 1362 dei
487 1317 628 1373 filius,
654 1317 748 1374 hic,
774 1319 826 1360 ut
845 1315 984 1360 frater
1009 1314 1247 1359 videretur.
1299 1312 1370 1358 Tu
1396 1312 1619 1358 sideribus

184 1382 359 1438 patrem
391 1379 587 1425 intulisti
619 1394 712 1424 non
745 1379 801 1422 ad
834 1381 1005 1422 metum
1039 1377 1223 1435 civium,
1256 1391 1350 1421 non
1382 1375 1430 1420 in
1462 1378 1618 1420 8011111-

186 1444 367 1488 meliam
387 1442 645 1499 numinum,
664 1457 758 1486 non
777 1442 824 1486 in
844 1441 1063 1486 honorem
1083 1443 1233 1498 tuum,
1261 1439 1338 1484 sed
1359 1439 1466 1496 quia
1487 1437 1618 1482 deum
1646 1450 1683 1477 2⁰

137 1518 159 1552 3
188 1506 342 1551 credis.
396 1505 548 1550 Minus
576 1507 644 1550 est
669 1505 777 1563 hoc,
810 1519 912 1549 cum
939 1504 993 1548 fit
1019 1503 1074 1548 ab
1102 1503 1178 1561 iis,
1212 1502 1290 1561 qui
1317 1504 1363 1546 et
1390 1515 1485 1546 sese
1513 1501 1618 1545 deos

187 1571 361 1628 putant.
421 1567 509 1614 Sed
542 1571 588 1613 et
618 1568 726 1613 licet
759 1568 888 1611 illum
921 1566 1117 1624 turibus,
1151 1566 1260 1623 aris,
1292 1564 1619 1623 pulvinaribus,

187 1632 368 1677 flamine
402 1632 542 1686 colas,
576 1646 669 1675 non
701 1631 790 1675 alio
824 1633 976 1674 tamen
1009 1629 1153 1689 magis
1188 1628 1320 1672 deum
1354 1630 1398 1672 et
1429 1626 1541 1672 facis
1575 1629 1622 1671 et

187 1695 373 1754 probas,
415 1710 550 1753 quam
590 1693 711 1752 quod
751 1694 847 1751 ipse
887 1692 990 1736 talis
1031 1708 1088 1737 es.
1154 1691 1207 1735 In
1245 1690 1450 1749 principe
1488 1689 1620 1747 enim,

190 1758 268 1816 qui
288 1758 431 1803 electo
453 1771 709 1803 successore
740 1756 835 1800 fato
864 1755 1105 1813 concessit,
1137 1769 1227 1798 una
1256 1753 1500 1811 eademque
1529 1766 1619 1797 cer·
1646 1764 1682 1792 25

138 1833 161 1865 4
189 1821 364 1866 tissima
390 1820 639 1865 divinitatis
667 1819 777 1864 fides
804 1821 872 1863 est
897 1819 1043 1863 bonus
1073 1832 1314 1862 successor.
1360 1815 1484 1861 Num
1512 1829 1619 1875 ergo

189 1883 274 1928 tibi
312 1899 367 1928 ex
402 1883 724 1927 inmortalitate
764 1882 905 1940 patris
946 1880 1116 1939 aliquid
1156 1879 1439 1940 arrogantiae
1479 1892 1622 1924 acces-

190 1947 267 2005 sit,
298 1962 409 1991 num
442 1947 525 1991 hos
559 1945 790 2004 proximos
825 1944 1059 1989 divinitate
1093 1945 1331 2001 parentum
1364 1941 1536 1987 desides
1570 1956 1622 1986 ac

191 2010 406 2068 superbos
439 2009 591 2067 potius
632 2024 766 2066 quam
800 2007 902 2052 illos
936 2009 1107 2051 veteres
1147 2009 1193 2051 et
1225 2006 1434 2064 antiquos
1474 2019 1623 2049 aemu-

190 2073 319 2131 laris,
379 2073 456 2130 qui
498 2073 585 2116 hoc
631 2072 779 2130 ipsum
823 2070 1063 2128 imperium
1110 2067 1425 2115 condiderunt?
1491 2066 1622 2121 Quod
1649 2079 1716 2107 εο-

294 2176 313 2207 1
342 2169 482 2221 (non)
509 2171 602 2207 811111
627 2169 809 2208 Schnelle.
937 2172 958 2205 3
986 2168 1075 2206 ideo
1103 2168 1262 2214 Bonam„
1289 2166 1346 2203 dii
1373 2165 1422 2203 de
1450 2162 1561 2203 B'M
1573 2165 1622 2211 O,

194 2221 242 2258 de
269 2222 339 2258 del.
360 2222 461 2270 vuly.
617 2224 662 2257 22
692 2221 731 2257 et
758 2219 848 2257 add.
876 2220 926 2265 A,
954 2220 1177 2265 Bornecque
1198 2229 1238 2265 Ρ.
1259 2219 1342 2255 219.
1373 2238 1417 2244 —
1445 2215 1545 2252 turis
1572 2216 1623 2260 A,

193 2283 263 2309 om.
284 2273 379 2318 rell„
399 2270 554 2308 turibus
575 2271 720 2308 Baehr.
742 2282 782 2317 p.
806 2270 928 2307 XXI.
1031 2273 1078 2305 29
1107 2267 1316 2305 aemuleris
1336 2266 1474 2304 Muell.
1495 2278 1543 2303 ex
1563 2267 1624 2311 M,

195 2322 404 2358 aemularis
422 2323 522 2370 vuly.
610 2320 683 2357 30*
705 2322 887 2358 lacunam
900 2319 1049 2366 explere
1070 2319 1216 2356 tentavi
1233 2318 1317 2356 coll.
1337 2318 1425 2355 Tac.
1440 2317 1536 2365 Ayr.
1554 2319 1604 2354 39
1611 2330 1625 2362 ,-

194 2372 323 2418 ipsum
350 2372 561 2419 imperium
582 2370 769 2419 quoniam
792 2371 863 2418 (vel
883 2371 1017 2417 quam)
1039 2368 1288 2416 imperatoris
1309 2367 1380 2416 (vel
1399 2366 1624 2414 imperium)

196 2422 306 2458 cuius
334 2423 465 2468 codd.;
490 2422 621 2470 ipsum
648 2421 859 2469 imperium
881 2420 1111 2470 (peperere,
1139 2419 1242 2466 quod
1270 2417 1388 2455 modo
1414 2417 1546 2454 hostes
1566 2417 1626 2454 in-

195 2474 378 2508 vaserant
405 2471 843 2521 contemmerantque),
872 2471 983 2508 cuius
1011 2471 1162 2516 Catari„
1189 2469 1262 2507 alii
1281 2469 1375 2515 alia,
1403 2467 1485 2505 ‘sed
1505 2468 1626 2514 plura

195 2523 309 2560 etiam
330 2535 444 2569 quam
464 2535 561 2569 quae
581 2523 629 2559 ab
650 2522 858 2560 editoribus
878 2522 1016 2558 addita
1035 2524 1136 2566 sunt,
1157 2519 1340 2557 excidisse
1359 2518 1557 2556 videntwr’
1572 2517 1623 2554 K.
