1630 2678
132 137 218 181 16ss
722 128 760 165 C.
789 128 922 164 PLINI

238 255 397 310 ‘hm-l
748 244 894 283 xxiv.

94 356 129 392 χ
346 323 355 333 ”
509 334 551 366 e.
575 333 771 366 mamus
798 331 968 365 MACRo
997 331 1092 364 suo
1121 331 1159 365 S.

80 429 97 460 1
218 417 356 468 Quam
395 415 583 458 multum
622 414 823 467 interest,
861 428 886 455 a
925 426 1013 468 quo
1047 411 1155 468 quid
1194 412 1290 456 fiat!
1353 412 1521 456 Eadem

127 479 240 521 enim
274 477 388 520 facta
420 475 615 519 claritate
648 474 718 517 vel
750 473 1017 516 obscuritate
1048 472 1305 518 facientium
1336 476 1416 518 aut
1439 474 1522 518 tol-

79 549 99 580 2
126 540 277 582 luntur
295 537 506 581 altissime
527 538 604 579 aut
622 534 870 578 humillime
891 533 1211 591 deprimuntur.
1242 533 1522 594 Navigabam
1550 547 1566 574 5

127 615 204 656 per
230 599 407 642 Larium
440 600 660 653 nostrum,
693 611 794 640 cum
827 595 973 638 senior
999 595 1167 639 amicus
1193 595 1390 640 ostendit
1414 595 1524 640 mihi

127 660 274 703 villam
317 662 450 715 atque
482 658 614 702 etiam
647 657 920 712 cubiculum,
952 656 1071 713 quod
1104 656 1150 700 in
1181 657 1329 701 lacum
1361 657 1525 714 promi-

126 724 216 764 net:
259 721 333 764 ‘ex
363 719 469 763 hoc’
501 719 647 775 inquit
679 718 938 774 ‘aliquando
971 718 1201 775 municeps
1236 720 1390 762 nostra
1424 732 1525 763 cum

79 793 99 824 3
127 782 282 824 marito
322 796 367 824 se
412 779 751 837 praecipitavit'.
825 777 1011 822 Causam
1052 779 1276 836 requisivi.
1338 778 1525 824 Maritus

126 858 178 886 ex
228 842 399 885 diutino
450 842 604 885 morbo
655 841 771 885 circa
820 840 1006 883 velanda
1055 840 1253 897 corporis
1304 840 1525 885 ulceribus
1553 853 1587 879 ιο

126 903 420 959 putrescebat:
465 918 596 956 uxor,
634 904 684 944 ut
724 901 979 958 inspiceret,
1020 901 1186 960 exegit3
1223 916 1367 959 neque
1408 902 1525 946 enim

78 976 99 1006 4
127 979 389 1021 quemquam
416 964 587 1007 fidelius
614 963 921 1019 indicaturum,
947 965 1154 1019 possetne
1187 963 1343 1007 sanari.
1388 962 1527 1019 Vidit,

127 1026 389 1082 desperavit3
427 1024 602 1068 hortata
641 1027 726 1081 est,
764 1026 814 1067 ut
851 1026 1114 1080 moreretur,
1153 1038 1388 1082 comesque
1429 1024 1527 1081 ipsa

128 1087 299 1141 mortis,
343 1087 431 1129 dux
476 1087 611 1129 immo
657 1088 701 1128 et
753 1086 1003 1142 exemplum
1045 1088 1090 1129 et
1139 1085 1377 1130 necessitas
1427 1085 1524 1129 fuit.

80 1159 100 1189 5
127 1147 241 1190 Nam
274 1162 319 1190 se
352 1162 451 1191 cum
483 1148 641 1190 marito
668 1147 824 1205 ligavit
849 1147 1134 1203 abiecitque
1121 1162 1170 1190 m
1193 1147 1352 1191 lacum.
1398 1145 1527 1216 Quod
1554 1157 1587 1184 15

127 1208 291 1252 factum
329 1223 385 1251 ne
427 1208 537 1251 mihi
576 1208 771 1277 quidem,
810 1208 886 1276 qui
929 1208 1176 1265 municeps,
1207 1206 1295 1252 nisi
1325 1208 1527 1266 proxime
1603 1223 1606 1226 ’

127 1269 325 1312 auditum
366 1272 451 1325 est,
491 1284 582 1312 non
625 1270 729 1326 quia
769 1269 914 1312 minus
956 1269 1034 1312 illo
1081 1268 1326 1313 clarissimo
1372 1267 1527 1312 Arriae

128 1331 263 1386 facto,
296 1330 370 1373 sed
404 1331 507 1386 quia
539 1330 684 1373 minor
718 1330 825 1386 ipsa.
888 1329 1010 1373 Vale.

167 1478 451 1532 Ptsystasuo
540 1460 719 1516 ednas
763 1456 887 1496 XXV·

491 1544 510 1576 Ἴ.
534 1543 731 1577 PLINIUS
758 1543 975 1577 HISPANO
1006 1544 1100 1577 SUO
1129 1545 1166 1578 S.
1248 1553 1253 1557 “
1555 1548 1591 1575 20

86 1634 101 1663 1
223 1620 386 1664 Scribis
420 1622 687 1679 Robustum,
727 1624 1007 1680 splendidum
1039 1624 1232 1681 equitem
1266 1622 1528 1678 Romanum,

132 1697 231 1725 cum
263 1682 400 1726 Atilio
434 1682 615 1737 Scauro,
649 1684 789 1728 amico
822 1700 941 1742 meo,
967 1684 1221 1729 Ocriculum
1247 1699 1388 1741 usque
1414 1698 1530 1728 com-

133 1758 262 1785 mune
312 1744 395 1786 iter
445 1745 684 1801 peregisse,
733 1746 888 1789 deinde
938 1761 1158 1802 nusquam
1210 1746 1531 1815 comparuisse3

133 1804 264 1859 petis,
301 1807 350 1847 ut
383 1803 571 1849 Scaurus
609 1807 756 1849 veniat
794 1822 981 1863 nosque,
1020 1808 1058 1850 si
1098 1809 1265 1864 potest,
1303 1807 1351 1850 in
1381 1807 1531 1863 aliqua

84 1875 106 1906 2
133 1864 429 1920 inquisitionis
487 1867 672 1924 vestigia
729 1867 917 1912 inducat
1012 1867 1191 1925 Veniet,
1251 1882 1424 1924 vereor,
1475 1881 1531 1910 ne
1557 1879 1593 1906 25

134 1925 307 1968 frustra.
371 1924 580 1982 Suspicor
612 1929 727 1970 enim
759 1929 847 1972 tale
879 1930 1027 1973 nescio
1072 1929 1179 1986 quid
1220 1928 1425 1973 Robusto
1464 1942 1533 1972 ac-

134 1986 290 2029 cidisse
324 1987 451 2042 quale
484 1988 718 2043 aliquando
752 1989 920 2033 Metilio
955 1989 1132 2047 Crispo,
1172 1989 1390 2047 municipi
1421 2003 1532 2033 meo.

85 2057 106 2088 3
134 2045 251 2090 Huic
282 2061 363 2104 ego
398 2048 593 2091 ordinem
632 2050 965 2105 impetraveram
999 2054 1132 2108 atque
1164 2051 1297 2095 etiam
1334 2049 1533 2108 proficis-

135 2108 249 2151 centi
283 2108 572 2166 quadraginta
604 2110 724 2152 milia
766 2126 996 2155 nummum
1038 2113 1092 2156 ad
1137 2111 1443 2156 instruendum
1488 2126 1533 2154 se

135 2169 463 2224 ornandumque
502 2170 763 2213 donaveram
790 2187 870 2216 nec
902 2176 1056 2229 postea
1087 2176 1163 2217 aut
1195 2173 1404 2230 epistulas
1437 2172 1531 2215 eius
1559 2185 1595 2211 30

87 2240 108 2271 4
136 2231 212 2307 aut
249 2229 438 2307 aliquem
480 2231 532 2274 de
571 2231 690 2274 exitu
730 2233 932 2276 nuntium
975 2235 1135 2292 accepi.
1199 2233 1532 2290 Interceptusne

234 2353 255 2384 3
282 2362 304 2385 a
330 2361 404 2396 quo
431 2350 525 2396 quid
546 2351 596 2386 K.
613 2352 663 2387 ΙΙ
679 2352 790 2398 (disp.
806 2354 855 2388 ΙΙ
873 2356 951 2399 12),
977 2355 1072 2399 quid
1092 2366 1116 2390 a
1136 2365 1288 2400 quoque
1310 2353 1529 2399 MDpra,

137 2409 160 2433 a
180 2409 255 2443 quo
276 2399 370 2444 quid
391 2411 464 2444 que
485 2400 535 2435 K.
552 2400 586 2444 1,
610 2400 706 2445 Otto,
721 2401 866 2446 Muell„
888 2403 981 2447 quid
1002 2415 1024 2438 a
1045 2415 1120 2449 quo
1141 2403 1304 2441 Gasaub.
1406 2405 1452 2438 31
1472 2401 1532 2438 in-

135 2448 330 2493 terceptus
355 2459 447 2484 nece
475 2448 526 2483 sit
546 2459 616 2493 pr.
