1630 2678
523 123 880 162 EPISTULARUM
903 123 941 162 v
967 127 1123 161 14—17.
1436 125 1524 170 139

6 225 21 275 ἶ
126 238 383 284 datianum
428 237 626 295 eorporis
670 237 837 281 viribus
880 237 1033 295 vigore
1083 236 1221 280 animi
1265 236 1523 279 sustinebat.

126 295 317 345 Duravit
354 299 429 344 hio
468 299 536 343 illi
576 314 716 356 usque
757 299 811 342 ad
853 302 1099 342 extremum
1140 312 1222 342 nee
1262 299 1340 341 aut
1380 297 1524 354 spatio
1551 307 1573 340 5

125 360 391 407 valetudinis
423 363 502 404 aut
538 362 660 404 metu
696 360 853 403 mortis
884 359 1098 403 infractus
1131 362 1216 413 est,
1255 373 1343 416 quo
1375 359 1525 415 plures

208 436 442 479 floresque
483 421 611 465 nobis
653 436 806 465 causas
847 421 1117 477 relinqueret
1156 423 1202 464 et
1238 419 1445 463 desiderii
1481 421 1526 463 et

83 436 306 532 σθαι-13.
368 482 405 527 O
446 483 573 527 triste
613 483 744 540 plane
785 482 1078 538 acerbumque
1119 482 1270 525 funus!
1312 495 1338 524 o
1382 483 1526 524 morte
1552 491 1574 524 6

3 540 20 594 ’ξ
126 544 226 603 ipsa
280 544 437 588 mortis
475 547 660 613 ‘tempus
713 543 958 602 indignius!
1018 543 1106 586 iam
1160 542 1379 586 destinata
1433 543 1528 585 erat

265 605 306 650 'o
338 606 504 663 iuveni,
545 605 633 648 iam
672 605 836 649 electus
877 605 1135 662 nuptiarum
1174 604 1284 659 dies,
1325 603 1413 647 iam
1444 617 1526 647 nos

3 677 38 716 3·
126 667 285 712 voeati.
322 666 451 720 Quod
477 666 688 725 gaudium
715 681 804 723 quo
831 680 1026 709 maerore
1052 668 1273 708 mutatum
1299 665 1384 708 est!
1421 662 1528 708 Non
1553 674 1575 708 7

126 742 310 787 possum
342 727 586 786 exprimere
617 727 781 783 verbis,
820 730 1034 783 quantum
1073 726 1222 769 animo
1260 726 1422 769 vulnus
1459 739 1528 769 ae-

66 808 104 838 „
126 804 258 895 ἓιοιοοα
306 803 475 895 (logi-m
484 788 656 894 ἓξὲξ
660 788 1247 907 ,Εξῖεἷῗὲἔιῐέῃέἕιίιῃωᾳηιέἓ
1267 787 1531 904 ῑῗῃώῗοέὺῖξ,

127 912 410 971 margaritas,
443 926 640 970 gemmas
671 911 816 955 fuerat
847 913 1126 969 erogaturus,
1162 910 1249 954 hoe
1280 909 1328 952 in
1359 912 1460 953 tura
1484 912 1530 952 et

126 976 356 1032 unguenta
404 976 449 1017 et
492 973 647 1017 odores
692 972 1029 1042 impenderetur.
1092 971 1176 1014 Est
1226 970 1402 1028 quidem
1454 970 1529 1014 ille
1554 979 1578 1013 8

128 1034 326 1079 eruditus
358 1037 404 1078 et
435 1034 630 1091 sapiens,
668 1036 719 1077 ut
751 1034 828 1090 qui
866 1049 912 1077 se
950 1033 1004 1076 ab
1038 1034 1218 1076 ineunte
1257 1034 1399 1075 aetate
1431 1032 1530 1075 alti·

67 1113 104 1143 ιε
129 1095 280 1140 oribus
320 1095 480 1139 studiis
521 1095 779 1152 artibusque
818 1094 1049 1150 dediderit,
1091 1093 1166 1137 sed
1208 1108 1327 1137 nune
1368 1093 1530 1148 omnia,

6 1159 13 1184 ⁸
129 1171 242 1215 quae
273 1156 415 1201 audiit
445 1171 595 1214 saepe,
632 1172 743 1214 quae
782 1156 913 1212 dixit,
950 1158 1210 1212 aspernatur
1246 1154 1531 1212 expulsisque

0 1193 20 1311 Ξ
127 1217 368 1262 virtutibus
405 1218 504 1262 aliis
543 1218 720 1275 pietatis
765 1220 832 1261 est
868 1220 1002 1261 totus.
1065 1215 1286 1274 Ignosees,
1329 1215 1530 1259 laudabis
1555 1224 1579 1258 9

129 1280 282 1335 etiam,
331 1279 369 1323 si
420 1279 702 1338 cogitaveris,
754 1279 861 1335 quid
911 1278 1117 1322 amiserit.
1197 1276 1360 1320 Amisit
1411 1277 1529 1320 enim

0 1322 22 1386 {-
129 1340 288 1399 filiam,
325 1355 437 1398 quae
467 1355 559 1384 non
596 1342 743 1384 minus
781 1355 926 1384 mores
965 1340 1058 1383 eius
1092 1354 1224 1396 quam
1257 1353 1305 1382 os
1338 1338 1531 1382 vultum·
1598 1335 1603 1340 ’

4 1422 23 1454 γ
69 1420 107 1448 20
131 1417 217 1460 que
246 1401 465 1446 referebat
500 1404 733 1459 totumque
774 1404 944 1458 patrem
986 1400 1098 1444 mira
1135 1399 1424 1443 similitudine
1456 1414 1532 1443 ex-

0 1431 22 1554 ἰ
131 1463 377 1521 scripserat.
439 1462 647 1519 Proinde,
690 1463 728 1506 si
767 1477 875 1519 quas
917 1462 970 1505 ad
1011 1476 1111 1504 eum
1154 1461 1206 1504 de
1248 1461 1401 1504 dolore
1437 1463 1530 1504 tam
1558 1470 1604 1504 10

131 1525 249 1569 iusto
279 1524 451 1568 litteras
483 1525 654 1581 mittes,
698 1526 915 1567 memento
955 1523 1161 1566 adhibere
1194 1522 1408 1566 solacium
1439 1536 1532 1565 non

0 1558 18 1691 ξ
132 1585 259 1644 quasi
290 1585 623 1644 castigatorium
665 1589 709 1629 et
741 1585 872 1628 nimis
911 1584 1046 1639 forte,
1087 1583 1163 1627 sed
1202 1584 1336 1627 molle
1368 1586 1414 1626 et
1452 1583 1532 1626 hu-

132 1662 325 1691 manum.
407 1646 535 1699 Quod
579 1650 630 1690 ut
674 1646 848 1690 facilius
894 1644 1117 1701 admittat,
1163 1645 1354 1688 multum
1398 1645 1533 1688 faciet

0 1691 27 1758 ,ἷ-
70 1725 109 1754 2⁸
133 1708 267 1753 medii
297 1708 511 1765 temporis
544 1708 749 1765 spatium.
812 1706 876 1751 Ut
904 1707 1020 1750 enim
1051 1705 1236 1750 crudum
1266 1706 1410 1750 adhuc
1438 1706 1532 1749 vul-
1559 1715 1604 1748 11

0 1765 12 1810 ἓ
132 1782 216 1815 nus
254 1769 525 1813 medentium
565 1783 720 1812 manus
753 1767 1028 1824 reformidat,
1072 1766 1227 1811 deinde
1265 1768 1434 1824 patitur
1472 1770 1535 1810 at-

133 1843 221 1889 que
247 1830 367 1874 ultro
392 1830 589 1887 requirit,
625 1830 689 1874 310
714 1844 864 1873 reeens
896 1829 1033 1872 animi
1053 1828 1180 1872 dolor
1208 1829 1532 1872 consolationes

133 1891 262 1936 reicit
292 1906 343 1935 ae
373 1891 558 1949 refugit,
595 1906 697 1934 mox
736 1890 953 1934 desiderat
991 1893 1034 1934 et
1072 1890 1311 1934 elementer
1343 1890 1532 1933 admotis

135 1951 390 2011 adquiescit.
454 1951 575 1995 Vale.

74 2043 112 2072 n
771 2028 900 2068 XVII·
930 1995 998 2051 fn·
1005 1996 1106 2074 seul,
1130 2006 1360 2088 mc'U-„l
1370 1998 1460 2073 bp-
1477 1993 1554 2049 ab

43 2098 45 2102 ι
307 2104 350 2138 C.
371 2103 571 2137 PLINIUS
599 2103 863 2138 VESTRICIO
891 2103 1174 2138 SPURINNAE
1201 2103 1295 2137 SUO
1324 2103 1362 2137 S·

222 2171 345 2229 Soio,
383 2174 550 2230 quanto
583 2186 714 2229 opere
750 2172 878 2216 bonis
910 2172 1080 2216 artibus
1112 2172 1279 2226 faveas,
1318 2174 1533 2228 quantum
1562 2181 1580 2214 1

133 2234 346 2295 gaudium
392 2234 559 2291 capias,
611 2233 648 2276 si
698 2233 868 2277 nobiles
910 2234 1089 2277 iuvenes
1141 2233 1323 2291 dignum
1366 2232 1534 2290 aliquid

234 2358 281 2393 12
299 2355 531 2403 margaritas
551 2355 592 2391 D
599 2366 710 2401 pra,
734 2355 829 2399 Otto,
850 2355 997 2397 Muell„
1017 2354 1228 2399 margarita
1249 2355 1308 2398 M,
1330 2354 1393 2398 K„
1415 2354 1534 2391 Men.

137 2425 184 2436 —·
206 2403 299 2442 hut
323 2404 482 2451 Dpra,
512 2404 614 2448 Otto,
640 2403 788 2447 Muell„
811 2406 874 2440 tus
903 2405 961 2447 M,
989 2404 1052 2447 K„
1079 2403 1198 2440 Merr.
1347 2406 1392 2439 28
1421 2403 1536 2440 easti-

135 2453 310 2503 ‘amum
334 2466 371 2499 a,
396 2454 678 2500 castigaturum
706 2452 746 2489 D
752 2464 782 2500 p
791 2464 822 2489 r.
923 2456 967 2488 31
996 2451 1187 2489 Vestricio
1212 2463 1259 2489 ex
1284 2453 1333 2490 R.
