1716 2742
189 113 279 157 392
808 108 846 147 c,
875 109 1012 146 PLINI

189 225 322 270 decus
362 225 612 269 habebatur
651 225 859 268 submota
898 226 1068 282 campis
1102 225 1302 284 inruptio
1343 226 1538 270 ferarum
1576 229 1621 271 et

138 301 160 334 3
189 288 422 332 obsidione
458 288 651 345 quadam
684 286 901 332 liberatus
936 287 1181 347 agrestium
1214 289 1355 333 labor.
1420 287 1620 347 Usurpa-

186 350 296 395 bant
322 349 514 409 gloriam
542 350 673 394 istam
702 350 770 394 illi
792 365 971 408 quoque
998 351 1243 409 principes,
1271 352 1350 409 qui
1376 351 1501 396 obire
1525 367 1620 396 non

186 416 412 471 poterant3
445 413 725 471 usurpabant
758 416 906 458 autem
941 414 1021 471 ita,
1055 417 1106 458 ut
1139 414 1331 459 domitas
1364 414 1619 473 fractasque

186 477 392 520 claustris
426 476 542 520 feras
577 491 629 521 ac
662 476 822 520 deinde
854 477 902 520 in
934 476 1136 534 ipsorum
1164 477 1346 535 quidem
1371 477 1619 522 ludibrium

185 539 368 583 emissas
390 539 578 583 mentita
599 540 842 598 sagacitate
863 540 1140 599 colligerent.
1174 539 1294 585 Huic
1313 556 1396 598 par
1414 540 1620 598 capiendi

185 602 518 660 quaerendique
564 602 702 646 sudor
747 618 1038 660 summusque
1085 605 1130 647 et
1171 603 1290 648 idem
1336 603 1617 663 gratissimus

134 679 155 711 4
183 665 312 709 labor
337 665 549 710 invenire.
609 665 874 722 Enimvero,
908 666 946 711 si
974 666 1153 724 quando
1180 665 1352 723 placuit
1377 666 1494 711 idem
1523 681 1618 711 cor-

186 729 310 786 poris
343 728 482 772 robur
514 729 562 772 in
594 729 737 773 maria
769 729 990 787 proferre,
1023 744 1117 774 non
1149 729 1226 774 ille
1259 729 1486 774 fluitantia
1518 730 1619 774 vela

184 794 262 835 aut
289 791 431 836 oculis
460 791 664 849 sequitur
690 794 768 836 aut
788 792 1015 850 manibus,
1049 792 1126 837 sed
1153 807 1274 837 nunc
1300 791 1617 851 gubernaculis

184 854 377 912 adsidet,
402 870 523 899 nunc
550 870 652 899 cum
681 854 989 900 valentissimo
1019 870 1199 913 quoque
1226 855 1449 900 sodalium
1476 858 1620 900 certat

182 917 388 977 frangere
423 918 607 975 fluctus,
641 918 859 962 domitare
893 921 1051 963 ventos
1085 919 1358 963 reluctantes
1390 918 1617 976 remisque

105 978 167 1027 82
181 981 407 1025 transilire
442 981 667 1025 obstantia
707 981 840 1039 freta,
880 983 1099 1039 quantum
1141 981 1372 1027 dissimilis
1412 981 1500 1040 illi,
1539 982 1617 1039 qui

181 1059 274 1088 non
307 1042 473 1088 Albani
505 1045 630 1088 lacus
672 1044 815 1088 otium
849 1044 1100 1102 Baianique
1139 1047 1371 1103 torporem
1406 1047 1452 1089 et
1484 1044 1616 1089 silen-

180 1107 295 1150 tium
329 1106 464 1165 ferre,
497 1122 590 1151 non
623 1108 804 1165 pulsum
840 1108 999 1152 saltem
1038 1108 1354 1167 fragoremque
1387 1122 1615 1152 remorum

180 1170 355 1228 perpeti
388 1173 586 1228 poterat,
620 1170 729 1228 quin
763 1171 819 1215 ad
853 1171 1055 1230 singulos
1082 1171 1198 1215 ictus
1225 1171 1349 1230 turpi
1374 1170 1616 1215 formidine

130 1245 152 1278 2
179 1233 475 1278 horresceret!
515 1232 675 1291 Itaque
708 1234 868 1292 procul
908 1234 964 1278 ab
1006 1234 1129 1278 omni
1169 1249 1280 1278 sono
1321 1234 1614 1279 inconcussus

178 1296 276 1354 ipse
309 1299 354 1340 et
386 1296 584 1340 inmotus
617 1296 808 1356 religato
840 1297 1133 1355 revinctoque
1159 1297 1341 1356 navigio
1367 1312 1460 1342 non
1487 1311 1614 1343 secus

130 1372 151 1405 3
179 1374 230 1403 ac
244 1359 473 1417 piaculum
489 1359 672 1418 aliquod
684 1360 956 1404 trahebatur.
1003 1360 1154 1405 Foeda
1166 1360 1318 1417 facies,
1339 1375 1441 1405 cum
1454 1361 1616 1419 populi

180 1422 373 1467 Romani
394 1423 640 1481 imperator
667 1423 863 1467 alienum
885 1438 1065 1468 cursum
1088 1423 1374 1482 alienumque
1394 1426 1614 1469 rectorem

128 1499 150 1531 4
178 1486 303 1530 velut
333 1488 465 1544 capta
494 1502 607 1530 nave
638 1489 908 1544 sequeretur.
972 1486 1070 1531 Nec
1100 1486 1385 1532 deformitate
1415 1486 1504 1531 ista
1530 1487 1613 1531 sal-

178 1551 270 1592 tem
298 1549 486 1593 flumina
514 1549 743 1608 carebant,
777 1552 913 1608 atque
941 1549 1076 1594 etiam
1098 1549 1334 1595 Danubius
1356 1564 1407 1595 ac
1428 1548 1612 1595 Rhenus

178 1614 340 1656 testem
384 1613 513 1656 illum
555 1613 700 1657 nostri
744 1612 973 1658 dedecoris
1017 1613 1179 1657 vehere
1223 1613 1479 1673 gaudebant
1521 1628 1614 1658 non

178 1675 351 1719 minore
385 1691 487 1720 cum
515 1676 687 1734 pudore
714 1675 911 1734 imperii,
946 1676 1066 1734 quod
1093 1676 1205 1722 haec
1231 1676 1462 1721 Romanae
1489 1676 1614 1734 aqui-

176 1738 265 1796 lae,
300 1738 505 1783 Romana
538 1739 685 1798 signa,
720 1738 925 1784 Romana
958 1739 1149 1797 denique
1176 1739 1294 1798 ripa,
1328 1755 1464 1798 quam
1492 1739 1612 1798 quod

127 1815 149 1848 5
176 1801 376 1847 hostium
397 1804 724 1860 prospectaret,
757 1802 971 1861 hostium,
1005 1803 1169 1861 quibus
1198 1803 1335 1848 moris
1363 1806 1433 1848 est
1459 1802 1613 1848 eadem

176 1864 255 1908 illa
287 1880 407 1909 nunc
439 1865 633 1924 rigentia
677 1866 782 1924 gelu
814 1866 1003 1910 flumina
1042 1869 1121 1911 aut
1159 1866 1330 1924 campis
1365 1866 1614 1924 superfusa,

176 1943 297 1972 nunc
329 1929 503 1986 liquida
536 1944 587 1973 ac
622 1928 868 1973 deferentia
907 1930 1100 1974 lustrare
1140 1929 1334 1989 navigiis
1372 1929 1613 1987 nandoque

128 2005 148 2037 6
179 2006 401 2049 superare.
467 1991 564 2037 Nec
596 2007 702 2036 vero
737 2007 817 2050 per
850 2008 896 2037 se
930 2007 1203 2052 magnopere
1229 1992 1506 2038 laudaverim
1535 1992 1613 2037 du-

276 2108 300 2139 4
327 2103 386 2140 ita
414 2103 502 2140 add.
525 2104 574 2140 A.
694 2107 739 2140 13
768 2103 968 2140 transilire
998 2103 1043 2150 0,
1071 2105 1136 2150 K„
1162 2104 1376 2141 transferre
1402 2103 1524 2142 B'M
1531 2104 1583 2140 M
1587 2102 1611 2150 ¹,

176 2154 434 2190 transfretare
456 2154 552 2200 Cat„
574 2155 782 2191 transnare
803 2155 960 2200 Baehr„
984 2155 1225 2192 transforare
1243 2154 1264 2192 ,9
1286 2154 1424 2192 Muell.
1503 2157 1550 2191 18
1571 2155 1612 2191 et

176 2204 256 2240 iam
290 2204 464 2241 inmotus
492 2205 650 2250 Baehr„
683 2206 724 2241 et
756 2205 943 2242 immotus
971 2204 1041 2251 B',
1074 2205 1197 2242 etiam
1229 2206 1359 2242 motus
1393 2209 1476 2242 cett.
1503 2204 1610 2242 codd.

177 2258 221 2290 21
251 2254 329 2290 ista
357 2254 551 2305 (extera)
581 2254 669 2291 salt.
692 2256 834 2293 Baehr.
947 2259 994 2291 22
1024 2255 1136 2302 atqui
1163 2256 1306 2293 Baehr.
1423 2254 1497 2292 23*
1522 2255 1611 2291 tan-

175 2306 260 2341 tum
295 2305 397 2341 illud
430 2306 550 2351 codd„
577 2306 692 2353 vuly„
721 2305 982 2356 <os>tentum
1015 2305 1128 2342 illum
1162 2306 1319 2352 Baehr„
1350 2304 1610 2356 <os>tentum

176 2355 275 2391 illud
297 2355 455 2402 Suster.,
474 2356 617 2392 testem
637 2356 750 2392 illum
771 2368 848 2405 690,
869 2357 917 2402 cf.
933 2368 977 2403 p.
998 2359 1086 2402 211,
1100 2359 1154 2394 20
1172 2368 1249 2404 sq.,·
1269 2358 1356 2403 385,
1372 2359 1420 2393 14
1427 2369 1442 2402 ;
1462 2358 1549 2401 387,
1564 2360 1612 2402 7;

174 2406 351 2443 similiter
379 2418 434 2454 ep.
460 2407 546 2443 VII
566 2409 602 2452 6,
636 2409 679 2444 72
715 2406 815 2443 illud
848 2406 1011 2444 verbum
1045 2407 1098 2443 M
1105 2416 1161 2444 νς
1187 2418 1262 2454 pro
1294 2405 1408 2443 illum
1440 2417 1608 2443 versum.

176 2459 222 2491 26
258 2456 432 2493 hostium
461 2456 608 2507 <turba
667 2458 810 2494 Baehr.
964 2461 1012 2494 28
1039 2456 1159 2494 defer.
1185 2455 1434 2507 (plaustris)
1463 2457 1608 2494 Baehoe.

175 2508 222 2541 29
250 2518 287 2552 p.
310 2518 349 2543 se
376 2518 506 2554 magn.
529 2506 597 2543 lau
628 2537 635 2544 .
657 2508 707 2554 A,
733 2507 839 2544 laud.
860 2520 898 2555 p.
922 2519 962 2544 se
989 2518 1121 2555 magn.
1142 2508 1244 2556 vuly.

1645 809 1681 837 10

1643 1123 1679 1153 1⁶

1641 1439 1677 1467 20

1639 1754 1677 1784 8⁶
