1630 2678
483 143 841 181 EPISTULARUM
866 143 919 181 IV
948 149 1054 182 1-4.
1421 146 1480 191 89

740 261 816 301 m·
834 261 1221 316 Waemlsx
1230 262 1445 341 jhu-⁸5

318 347 362 382 C.
381 347 586 382 PLINIUS
612 347 767 382 ARRIO
799 348 1056 382 ANTONINO
1086 348 1181 382 SUO
1209 347 1247 382 S.

177 402 307 456 Quod
345 404 480 448 semel
511 406 644 460 atque
675 404 836 448 iterum
868 405 1025 448 consul
1062 404 1188 448 fuisti
1218 404 1375 448 similis
1407 419 1482 447 an·
1508 417 1529 451 1

2 495 8 501 -
76 465 236 524 tiqnis,
276 465 396 522 quod
437 466 678 523 proconsul
717 465 870 522 Asiae,
911 465 1055 522 qualis
1097 468 1199 509 ante
1230 468 1296 522 te,
1338 465 1481 522 qualis

17 1157 55 1187 u

229 529 275 571 te
323 527 399 570 vix
449 540 564 570 unus
608 527 719 570 alter
762 525 874 585 (non
924 527 1031 570 sinit
1075 527 1192 570 enim
1245 542 1315 570 me
1364 542 1483 571 vere-

78 587 241 634 cundia
270 590 349 632 tua
374 588 517 632 dicere
541 586 712 645 nemo),
739 587 859 645 quod
890 587 1144 644 sanctitate,
1176 588 1294 645 quod
1335 591 1485 632 aucto-

77 649 228 706 ritate,
271 651 415 694 aetate
458 663 635 706 quoque
678 650 884 706 princeps
933 649 1143 706 civitatis,
1194 652 1262 693 est
1306 649 1484 706 quidem

78 710 328 756 venerabile
370 713 415 754 et
453 710 710 768 pulchrum3
752 725 835 769 ego
880 713 1029 754 tamen
1070 713 1113 754 te
1152 711 1223 754 vel
1261 711 1405 768 magis
1436 710 1484 754 in

78 771 412 817 remissionibus
453 772 600 815 miror.
662 771 780 815 Nam
812 772 1090 816 severitatem
1128 772 1260 815 istam
1291 773 1388 829 pari
1419 772 1484 815 iu·
1509 784 1531 816 2

79 832 307 879 canditate
323 833 501 877 condire
521 839 804 890 summaeque
830 833 1038 892 gravitati
1063 836 1236 876 tantum
1263 833 1484 877 comitatis

79 894 318 952 adiungere
358 909 450 939 non
490 894 637 938 minus
669 894 850 939 difficile
882 910 1015 951 quam
1047 910 1258 953 magnum
1291 898 1368 938 est.
1431 893 1483 938 Id

78 958 132 1000 tu
169 969 272 1001 cum
310 955 560 1000 incredibili
600 956 789 1012 quadam
834 956 1051 1000 suavitate
1092 970 1344 999 sermonum
1387 958 1484 1000 tum

78 1017 153 1062 vel
190 1017 426 1075 praecipue
463 1017 567 1061 stilo
605 1017 869 1074 adsequeris.
931 1016 1049 1061 Nam
1087 1020 1132 1061 et
1167 1017 1370 1073 loquenti
1402 1016 1485 1060 tibi
1510 1029 1532 1062 3

78 1078 159 1123 illa
197 1077 425 1123 Homerici
469 1079 586 1122 senis
628 1079 761 1122 mella
801 1078 1020 1136 profluere
1059 1081 1120 1133 et,
1166 1094 1278 1135 quae
1318 1078 1486 1134 scribis,

79 1139 1226 1259 aemfflffifflgrm
1368 1143 1485 1244 ιιι

78 1261 357 1306 mimiambos
406 1235 607 1320 proxiine
655 1263 859 1321 legerem.
936 1261 1159 1314 Quantum
1215 1262 1278 1306 ibi
1334 1234 1486 1305 imma-
1510 1274 1534 1306 4

21 1348 27 1355 ·
77 1322 251 1380 nitatis,
291 1323 557 1380 venustatis,
599 1339 732 1380 quam
777 1324 923 1368 dulcia
966 1324 1063 1379 illa,
1114 1338 1247 1379 quam
1291 1323 1485 1379 antiqua,

78 1399 217 1490 3333,
248 1387 609 1503 ffltfflffi
636 1386 813 1502 3334,
842 1383 1266 1502 fflssfflffioaffl}
1295 1383 1488 1502 {2¹03ss

80 1509 229 1551 tamen
258 1510 416 1551 neuter
446 1510 684 1564 utrumque
710 1511 787 1551 aut
812 1508 1002 1551 absolvit
1028 1510 1104 1550 aut
1129 1507 1289 1565 attigit.
1331 1505 1485 1550 Homi-
1512 1518 1533 1550 5

80 1583 239 1613 nemne
258 1567 508 1612 Romanum
528 1571 619 1612 tam
646 1567 808 1612 Graece
833 1568 992 1624 loqui?
1027 1567 1133 1612 Non
1159 1568 1327 1611 medius
1353 1567 1485 1612 fidius

81 1629 200 1688 ipsas
231 1628 430 1673 Athenas
462 1633 554 1673 tam
596 1629 767 1673 Atticas
813 1629 1008 1673 dixerim.
1070 1628 1186 1681 Quid
1219 1628 1390 1672 multa?
1420 1629 1485 1672 in-

81 1690 211 1735 video
245 1690 442 1760 Graecis,
485 1691 604 1747 quod
645 1691 824 1734 illorum
854 1690 1010 1749 lingua
1052 1691 1241 1734 scribere
1278 1691 1485 1734 maluisti.

81 1750 240 1808 Neque
271 1751 390 1796 enim
422 1752 674 1796 coniectura
706 1755 824 1809 eget,
863 1752 970 1808 quid
1002 1766 1203 1795 sermone
1235 1751 1381 1809 patrio
1414 1767 1486 1795 ex-

83 1812 275 1870 primere
306 1812 468 1870 possis,
501 1827 602 1856 cum
633 1812 719 1855 hoc
744 1812 937 1857 insiticio
970 1816 1015 1856 et
1040 1813 1221 1857 inducto
1248 1816 1338 1856 tam
1365 1828 1486 1870 prae-

84 1873 203 1917 clara
233 1887 367 1930 opera
398 1873 645 1930 perfeceris.
702 1873 824 1917 Vale.

746 1974 816 2014 IV.
855 1964 1106 2034 fiswslſsv
1123 1968 1202 2011 Fr!
1219 2004 1225 2009 .

324 2048 369 2085 C·
388 2049 590 2083 PLINIUS
618 2049 759 2084 SOSIO
787 2049 1055 2084 SENECIONI
1082 2050 1177 2084 SUO
1206 2052 1244 2083 S.

183 2115 454 2161 Varisidium
485 2115 704 2174 Nepotem
736 2117 1005 2162 validissime
1037 2117 1194 2176 diligo,
1239 2117 1383 2161 virum
1421 2117 1486 2160 in-
1516 2129 1534 2161 1

85 2177 340 2244 dustrium,>
387 2181 574 2235 rectum,
636 2178 865 2236 disertum,
930 2179 1050 2235 quod
1112 2178 1229 2236 apud
1292 2194 1361 2222 me
1418 2178 1488 2222 vel

184 2277 206 2310 2
232 2273 344 2310 Arrio
371 2274 426 2317 R,
456 2274 504 2309 K.
528 2274 561 2317 Ι,
587 2284 656 2310 om.
674 2274 755 2311 rell.
856 2279 877 2310 5
903 2285 1002 2310 unus
1023 2274 1145 2309 altero
1166 2285 1242 2309 non
1263 2274 1361 2317 RF,
1387 2285 1486 2309 unus

86 2323 156 2358 aut
168 2321 268 2359 alter
286 2333 363 2359 non
383 2322 463 2359 rell.
572 2326 617 2359 16
637 2323 804 2359 refectus
824 2323 862 2360 R
875 2323 956 2359 Fa.
1067 2326 1110 2358 17
1128 2322 1373 2358 mimiambos
1386 2322 1488 2359 eolus

86 2370 142 2417 D,
171 2370 345 2416 Μ,
384 2370 533 2407 iambos
571 2371 670 2416 rell„
709 2371 757 2416 cs.
784 2372 837 2407 ad
865 2372 922 2408 VI
943 2374 1004 2416 21,
1030 2374 1064 2407 4.
1245 2375 1290 2407 18
1324 2371 1487 2418 antiqua

86 2419 225 2464 RFa‚
252 2419 349 2464 Otto,
377 2420 523 2462 Muell„
556 2420 730 2456 amantia
756 2420 983 2467 MVDPS',
1017 2420 1066 2456 K.
1095 2420 1209 2467 (disp.
1231 2421 1255 2457 1
1273 2423 1326 2466 9),
1358 2431 1428 2458 om.
1455 2432 1486 2456 r.

87 2471 134 2505 28
161 2467 273 2505 fidius
299 2479 370 2506 om.
391 2469 486 2506 RF.
588 2471 634 2504 29
662 2468 862 2506 Senecioni
889 2480 936 2505 ex
962 2469 999 2506 R
1026 2469 1114 2505 add.
