1630 2678
70 256 90 287 2

71 929 91 959 4

71 1109 92 1141 5

116 138 173 182 36
706 129 743 165 C.
771 127 902 164 PLINI

117 250 225 301 tem,
260 248 309 288 ut
341 244 466 299 mihi,
506 242 725 285 sordidum
765 240 895 283 simul
927 241 970 282 et
1002 230 1321 294 sumptuosum}
1383 235 1501 281 Nam

117 307 199 350 sibi
232 309 274 349 et
305 305 451 361 paucis
485 304 631 360 opima
663 302 892 358 quaedam,
931 299 1085 344 ceteris
1116 298 1224 342 vilia
1255 300 1300 342 et
1329 297 1501 342 minuta

117 367 316 424 ponebat.
369 365 529 408 Vinum
562 363 692 407 etiam
725 362 919 419 parvulis
951 359 1200 418 lagunculis
1232 359 1280 403 in
1310 359 1398 403 tria
1427 373 1501 418 ge·

117 444 220 471 nera
251 427 542 482 discripserat,
573 439 663 467 non
694 427 744 466 ut
775 425 968 480 potestas
1002 420 1211 478 eligendi,
1243 419 1316 465 sed
1351 435 1406 467 ne
1431 420 1500 464 ius

117 492 230 532 esset
269 486 510 541 recusandi,
550 485 668 528 aliud
711 485 793 528 sibi
834 487 878 527 et
909 483 1056 539 nobis,
1097 481 1216 526 aliud
1254 481 1500 526 minoribus

119 550 266 593 amicis
299 547 418 605 (nam
456 547 671 605 gradatim
717 546 880 588 amicos
927 542 1100 600 habet),
1143 542 1264 587 aliud
1302 542 1394 587 suis
1424 557 1502 587 no-

120 611 304 665 strisque
348 608 526 652 libertis.
602 605 943 661 Animadvertit,
993 605 1069 661 qui
1114 603 1222 648 mihi
1272 604 1501 661 proximus

119 670 404 725 recumbebat,
430 671 486 723 et,
510 684 566 711 an
586 668 831 725 probarem,
856 665 1154 724 interrogavit.
1192 664 1378 725 Negavi.
1416 664 1502 709 ‘Tu

118 731 237 788 ergo’
269 730 411 787 inquit
442 730 588 786 ‘quam
621 728 978 772 consuetudinem
1016 725 1255 783 sequeris‘?'
1319 725 1502 770 ‘Eadem

118 792 318 835 omnibus
356 805 490 847 pon03
529 790 582 833 ad
615 804 763 833 cenam
797 789 931 844 enim,
969 803 1059 831 non
1091 788 1146 832 ad
1176 789 1330 832 notam
1360 787 1501 832 invito

118 853 370 907 cunctisque
395 852 524 894 rebus
551 866 757 906 exaequo,
789 865 898 906 quos
924 864 1075 893 mensa
1100 852 1145 893 et
1169 851 1269 893 toro
1289 847 1502 906 aequavi?

119 914 332 956 ‘Etiamne
363 911 596 955 libertos?
629 911 814 967 ‘Etiam3
834 911 1104 955 convictores
1131 910 1248 954 enim
1266 913 1387 968 tunc,
1410 924 1504 954 non

117 974 295 1049 libertos
328 972 464 1030 puto.'
496 972 554 1016 Et
586 973 675 1015 ille:
709 972 888 1030 ‘Magno
920 972 1001 1015 tibi
1034 971 1235 1016 constat?
1277 970 1502 1015 ‘Minime'

120 1034 220 1086 ‘Qm
254 1034 347 1077 fieri
379 1033 574 1090 potestP'
607 1032 740 1085 ‘Quia
772 1034 937 1076 scilieet
967 1033 1115 1077 liberti
1145 1033 1233 1077 mei
1263 1047 1356 1076 non
1386 1031 1503 1076 idem

120 1095 235 1152 quod
254 1110 334 1152 ego
356 1095 522 1150 bibunt,
548 1094 622 1138 sed
649 1095 761 1137 idem
788 1109 868 1152 ego
891 1094 1006 1150 quod
1025 1093 1203 1138 liberti?
1234 1093 1295 1138 Et
1313 1093 1506 1150 hercule,

120 1157 156 1198 si
188 1157 313 1213 gulae
345 1158 577 1212 temperes,
608 1170 698 1198 non
724 1158 790 1198 est
815 1171 1065 1213 onerosum,
1099 1169 1187 1212 quo
1219 1155 1378 1211 utaris,
1409 1154 1504 1212 ipse

119 1217 438 1260 communicare
469 1231 569 1260 cum
595 1216 804 1272 pluribus.
856 1217 936 1259 Illa
968 1231 1072 1274 ergo
1098 1216 1394 1274 reprimenda,
1426 1216 1506 1260 illa

122 1278 242 1333 quasi
282 1277 326 1319 in
367 1277 561 1320 ordinem
599 1277 834 1334 redigenda
865 1281 946 1333 est,
986 1279 1023 1321 si
1055 1277 1306 1335 sumptibus
1337 1291 1506 1334 parm,

123 1339 276 1394 quibus
314 1338 537 1393 aliquanto
578 1338 738 1382 rectius
775 1341 851 1381 tua
888 1339 1158 1382 continentia
1196 1354 1329 1396 quam
1361 1338 1506 1383 aliena

124 1399 385 1441 contumelia
416 1399 628 1442 consulas.

220 1459 411 1509 Quorsus
437 1459 572 1503 haec?
596 1475 650 1502 ne
676 1460 776 1515 tibi,
802 1460 992 1516 optimae
1018 1460 1178 1505 indolis
1204 1461 1372 1517 iuveni,
1397 1475 1504 1518 quo-

123 1519 302 1561 rundam
344 1520 389 1561 in
427 1535 572 1563 mensa
608 1521 781 1564 luxuria
818 1520 961 1578 specie
992 1521 1260 1580 frugalitatis
1292 1522 1506 1579 imponat.

126 1578 337 1622 Convenit
367 1584 509 1623 autem
536 1582 671 1624 amori
703 1582 750 1624 in
780 1584 823 1625 te
850 1597 964 1638 meo,
998 1583 1198 1638 quotiens
1223 1583 1312 1627 tale
1337 1581 1506 1640 aliquid

125 1640 341 1694 inciderit,
367 1640 446 1682 sub
473 1643 668 1698 exemplo
695 1658 994 1698 praemonere,
1025 1644 1130 1699 quid
1156 1643 1313 1688 debeas
1338 1644 1506 1702 fugere.

124 1698 265 1758 Igitur
298 1704 511 1744 memento
543 1703 652 1744 nihil
678 1704 816 1760 magis
843 1719 935 1747 esse
962 1705 1187 1749 vitandum
1215 1720 1349 1763 quam
1373 1705 1503 1749 istam

123 1761 321 1803 luxuriae
353 1765 397 1803 et
428 1763 619 1805 sordium
652 1779 807 1806 novam
835 1765 1106 1822 societatem;
1140 1781 1251 1823 quae
1283 1781 1384 1811 cum
1416 1765 1506 1810 sint

122 1821 376 1878 turpissima
395 1821 578 1865 discreta
597 1839 646 1867 ac
667 1829 877 1881 separata,
897 1827 1068 1882 turpius
1095 1828 1350 1886 iunguntur.
1381 1826 1504 1871 Vale.

770 1925 860 1964 VH.

471 1996 511 2029 C.
533 1998 729 2030 PLINIUS
755 1999 975 2034 MACRINO
1004 2002 1095 2035 SUO
1125 2003 1161 2036 S.

220 2050 335 2094 Here
367 2067 392 2094 a
423 2055 574 2095 senatu
599 2053 812 2097 Vestricio
840 2054 1082 2111 Spurinnae
1108 2059 1304 2116 principe
1329 2060 1507 2102 auctore

124 2111 402 2168 triumphalis
435 2115 578 2156 statua
609 2114 780 2157 decreta
811 2119 894 2171 est,
925 2132 1014 2160 non
1046 2118 1107 2161 ita
1138 2122 1188 2162 ut
1220 2119 1391 2176 multis,
1429 2119 1507 2176 qui

124 2187 363 2228 numquam
395 2174 440 2216 in
472 2174 561 2217 acie
594 2177 817 2231 steterunt,
848 2192 1082 2233 numquam
1118 2183 1259 2224 castra
1290 2179 1507 2236 viderunt,

124 2247 362 2289 numquam
402 2234 586 2290 denique
623 2236 824 2279 tubarum
864 2252 1017 2281 sonum
1050 2241 1135 2283 nisi
1166 2242 1213 2284 in
1245 2241 1506 2299 spectaculis

222 2344 243 2376 2
280 2341 426 2386 optima
463 2342 512 2376 M
526 2342 599 2377 Vs.
719 2347 739 2378 9
775 2346 942 2390 sequeris
980 2347 1160 2392 respondi
1196 2349 1330 2385 eadem
1367 2349 1420 2386 M
1430 2348 1506 2387 VS'.

114 2391 172 2425 --13
197 2389 354 2425 minime
379 2390 461 2425 fieri
487 2391 613 2435 potest
632 2393 758 2437 potest
777 2394 867 2438 quia
887 2395 935 2438 F,
960 2395 1127 2431 minime.
1168 2397 1234 2442 qui
1254 2397 1336 2434 fieri
1354 2398 1508 2444 potest?

123 2437 269 2483 potest,
302 2438 393 2484 quia
424 2438 606 2484 Sichard.‚
633 2440 751 2477 Merr.
851 2446 895 2477 32
928 2455 1057 2488 numq.
1083 2443 1123 2479 in
1150 2457 1203 2481 ac.
1232 2447 1276 2482 st.
1305 2458 1374 2484 om.
1403 2446 1455 2483 M
1466 2444 1507 2484 V.

1528 803 1564 830 1⁰

1529 1107 1565 1136 15

1531 2071 1568 2098 8⁰
