1630 2678
68 101 75 122 '⁸
110 119 216 177 ,⁴138
721 112 760 150 c,
786 111 919 148 Pmm

129 245 225 273 sum
253 228 410 272 litteris
438 223 676 284 initiatus),
708 238 935 281 coeperam
962 222 1094 267 etiam
1123 222 1271 267 itineri
1299 237 1369 267 me
1394 237 1517 280 prae-

81 301 102 334 9
129 305 290 348 parare.
374 288 488 332 Nam
539 286 740 331 includor
789 284 1003 342 angustiis
1055 286 1326 329 commeatus
1376 298 1516 340 eoque

128 352 237 408 ipso,
270 350 387 406 quod
418 349 665 406 delegatum
693 346 885 390 Cornuto
919 345 1049 389 audio
1083 345 1295 402 officium,
1326 344 1412 389 mei
1444 344 1517 388 ad-

129 427 317 455 moneor.
381 409 519 466 Cupio
545 412 589 452 te
616 422 790 464 quoque
822 407 903 450 sub
936 407 1052 450 idem
1077 408 1251 463 tempus
1277 405 1519 464 Campania

128 475 204 516 tua
233 472 444 526 remittat,
486 485 541 514 ne
574 470 688 526 quis,
731 483 830 512 cum
863 468 910 511 in
942 468 1095 511 urbem
1131 466 1321 524 rediero,
1361 469 1514 512 contu-
1540 483 1557 512 ο

127 534 277 577 bernio
309 534 460 575 nostro
494 531 584 574 dies
617 533 777 587 pereat.
840 528 963 572 Vale.

149 658 335 712 Ama?
351 674 466 710 rhus
715 656 802 696 XV·
836 651 922 709 [X]

362 744 404 777 C.
420 743 620 777 PLINIUS
647 743 798 776 ARRIO
826 741 1082 776 ANTONINO
1117 741 1211 776 SUO
1239 741 1277 776 S.

81 834 99 866 1
212 824 320 868 Cum
349 839 499 868 versus
528 827 628 868 tuos
661 824 869 879 aemulor⁷
900 826 995 866 tum
1032 823 1236 880 maxime,
1267 837 1400 880 quam
1429 822 1520 867 sint

127 886 244 942 boni,
275 886 485 942 experior.
546 885 610 930 Ut
635 885 751 928 enim
777 884 968 941 pictores
995 884 1226 940 pulchram
1251 884 1518 928 absolutam·
1543 899 1580 927 ιο

128 962 211 1003 que
247 946 404 990 faciem
444 961 543 990 raro
581 947 668 990 nisi
705 946 751 989 in
792 946 916 1002 peius
959 945 1197 1003 effingunt,
1237 945 1300 990 ita
1340 960 1422 1005 ego
1461 945 1517 990 ab

79 1015 99 1048 2
126 1009 210 1052 hoc
241 1007 478 1064 archetypo
509 1007 637 1051 labor
669 1010 713 1051 et
738 1007 901 1051 decido.
966 1005 1062 1058 Quo
1095 1007 1237 1066 magis
1268 1006 1438 1064 hortor,
1467 1010 1519 1051 ut

129 1083 259 1125 quam
303 1069 494 1125 plurima
537 1069 753 1125 proferas,
797 1083 906 1124 quae
951 1068 1117 1112 imitari
1162 1083 1314 1113 omnes
1359 1083 1518 1114 concu-

125 1130 316 1186 piscant,
343 1145 473 1173 nemo
506 1133 583 1173 aut
612 1130 865 1186 paucissimi
896 1129 1080 1186 possint.
1143 1129 1264 1174 Vale.

112 1253 282 1333 2³71]
293 1252 537 1303 aalma!
551 1256 726 1324 luftu:
764 1255 872 1296 XVI.
1543 1264 1579 1294 1⁸

273 1341 314 1375 C.
335 1342 535 1376 PLINIUS
562 1342 828 1377 AEFULANO
855 1343 1179 1378 MARCELLINO
1208 1343 1303 1378 SUO
1331 1343 1370 1378 S·

83 1429 101 1460 1
213 1421 506 1466 Tristissimus
547 1422 655 1467 haec
696 1423 778 1466 tibi
820 1424 963 1467 scribo
1002 1423 1205 1468 Fundani
1244 1424 1388 1469 nostri
1424 1423 1519 1469 filia

131 1481 295 1525 minore
328 1482 543 1527 defuncta.
608 1483 703 1536 Qua
735 1485 883 1541 puella
914 1485 1027 1528 nihil
1059 1501 1271 1543 umquam
1303 1485 1519 1543 festivius,

131 1543 357 1586 amabilius
388 1559 468 1587 nec
500 1545 630 1588 modo
664 1546 864 1603 longiore
895 1546 999 1601 vita,
1032 1547 1105 1591 sed
1139 1562 1277 1604 prope
1308 1547 1518 1591 inmorta-
1627 1581 1630 1595 .

83 1610 104 1642 2
130 1603 252 1646 litate
294 1603 466 1661 dignius
505 1606 605 1648 vidi.
681 1606 890 1650 Nondum
932 1623 1070 1652 annos
1111 1608 1322 1652 tredecim
1362 1609 1516 1666 imple·
1543 1633 1579 1660 2⁰
1625 1606 1630 1675 J

131 1666 271 1719 verat,
302 1667 345 1707 et
376 1664 462 1708 iam
501 1666 567 1709 illi
593 1667 721 1711 anilis
754 1669 998 1724 prudentia,
1032 1670 1289 1714 matronalis
1322 1669 1516 1728 gravitas
1628 1711 1630 1715 ,

132 1726 224 1767 erat
288 1727 331 1767 et
397 1728 542 1770 tamen
615 1729 805 1772 suavitas
875 1731 1083 1786 puellaris
1147 1745 1248 1775 cum
1310 1730 1519 1790 virginali
1622 1734 1630 1786 ,1

84 1792 105 1825 8
131 1785 399 1828 verecundia.
468 1786 530 1830 Ut
570 1788 646 1831 illa
687 1791 823 1845 patris
866 1791 1108 1836 cervicibus
1149 1792 1423 1836 inhaerebat!
1466 1794 1520 1841 ut

131 1860 210 1888 nos
261 1846 423 1889 amicos
474 1851 676 1903 paternos
731 1854 774 1893 et
824 1855 1020 1896 amanter
1066 1856 1110 1896 et
1153 1853 1350 1898 modeste
1399 1867 1518 1898 com-

131 1906 418 1962 plectebatur!
450 1911 500 1951 ut
531 1911 740 1966 nutrices,
772 1914 821 1954 ut
852 1914 1151 1972 paedagogos,
1182 1917 1232 1958 ut
1262 1916 1517 1972 praecepto-
1541 1931 1579 1961 τι
1622 1960 1624 1962 ,

131 1980 198 2009 res
231 1982 310 2023 pro
344 1983 422 2011 suo
456 1983 670 2026 quemque
700 1972 846 2016 officio
877 1974 1105 2032 dih‘gebat!
1145 1990 1278 2033 quam
1310 1975 1519 2031 studiose,

133 2041 263 2083 quam
307 2028 608 2087 intellegenter
651 2032 892 2077 lectitabat!
944 2039 994 2078 ut
1037 2051 1166 2093 parce
1211 2036 1518 2095 custoditeque

130 2087 324 2131 ludebat!
358 2088 453 2141 Qua
470 2091 547 2134 illa
566 2094 869 2150 temperanti-a,
902 2111 988 2152 qua
1007 2098 1240 2155 patientia,
1271 2113 1360 2156 qua
1382 2098 1518 2152 etiam
1562 2135 1565 2138 »
1620 2108 1622 2110 ’

82 2156 106 2188 4
132 2149 376 2192 constantia
412 2152 693 2196 novissimam
734 2156 1027 2200 valetudinem
1066 2159 1187 2202 tulit!
1226 2159 1409 2205 Medicis
1440 2158 1518 2205 ob-
1618 2159 1619 2162 ¹

131 2210 410 2288 sequebatffi,
443 2227 654 2268 sororem,
687 2218 854 2271 patrem
875 2218 1192 2264 adhortabatur
1215 2221 1446 2279 ipsamque
1469 2235 1518 2267 se
1542 2237 1580 2266 so
1619 2256 1630 2296 ε

227 2332 249 2364 8
274 2329 385 2366 Arrio
411 2343 457 2367 ex
482 2332 529 2368 R.
668 2338 713 2370 16
740 2335 925 2373 Aefulano
953 2350 998 2374 ex
1023 2340 1071 2376 R.
1209 2343 1256 2376 20
1282 2351 1404 2378 annos
1427 2339 1518 2380 XHI
1615 2299 1630 2442 l

129 2377 294 2423 Dreeeel,
320 2379 450 2423 Merr„
477 2391 576 2417 anno
599 2381 703 2418 XIIII
730 2385 788 2428 M,
821 2397 938 2422 annos
964 2388 1272 2433 quattuordecim
1297 2390 1410 2438 vulg„
1433 2388 1520 2430 vide

130 2427 163 2464 0
171 2428 202 2464 I
207 2428 255 2464 L.
290 2428 348 2464 VI
370 2431 500 2466 16631.
528 2451 573 2457 —
600 2431 818 2477 expleverat
843 2435 957 2482 Dpr.

1486 2445 1630 2545 Al
