1716 2742
127 149 216 195 314
570 144 609 181 C.
637 142 776 180 PLINI
802 140 867 179 ET
895 139 1111 179 TRAIANI

682 261 785 303 ox1.
829 258 995 314 [exn]

627 350 883 385 TRAIANUS
910 349 1101 384 PLINIO.

223 435 349 481 Sicut
367 434 631 494 largitiones
659 449 715 479 ex
740 432 923 492 publico
945 431 1043 476 fieri
1069 430 1280 476 mandata
1299 429 1558 489 prohibent,

129 500 209 558 ita,
249 515 305 543 ne
339 499 584 542 multorum
617 497 830 542 securitas
865 495 1125 553 subruatur,
1165 494 1305 538 factas
1345 495 1447 538 ante
1480 491 1558 536 ali-

129 565 346 620 quantum
372 561 589 619 temporis
622 559 856 604 retractari
883 562 1018 616 atque
1051 557 1098 601 in
1124 556 1310 601 inritum
1339 554 1558 600 vindicari

127 641 220 669 non
253 626 442 682 oportet.
497 622 725 681 Quidquid
758 637 865 682 ergo
899 637 956 665 ex
986 621 1072 666 hac
1106 635 1240 665 causa
1273 621 1423 667 actum
1456 619 1558 662 ante

128 687 291 747 viginti
324 702 464 732 annos
499 687 600 744 erit,
635 685 907 730 omittamus
948 683 1054 728 Non
1089 683 1237 727 minus
1271 681 1391 726 enim
1416 681 1559 726 homi-

127 751 260 795 nibus
308 750 523 808 cuiusque
565 749 656 794 loci
690 764 826 807 quam
868 747 1084 806 pecuniae
1130 745 1339 805 publicae
1382 744 1560 790 consul-

128 816 226 858 tum
258 814 375 858 volo.

670 915 797 956 oxu,
833 912 1022 968 [exui]

403 1006 446 1040 C.
467 1005 674 1040 PLINIUS
702 1004 926 1039 TRAIANO
955 1002 1288 1037 IMPERATORI.

83 1101 102 1134 1
225 1090 321 1134 Lex
371 1088 605 1148 Pompeia,
657 1087 856 1145 domine,
917 1102 1006 1144 qua
1051 1085 1241 1144 Bithyni
1293 1086 1338 1129 et
1383 1083 1564 1128 Pontici

132 1155 341 1211 utuntur,
374 1167 470 1210 eos,
503 1151 581 1210 qui
608 1151 656 1195 in
687 1151 825 1195 bulen
852 1166 878 1194 a
905 1149 1166 1195 censoribus
1193 1149 1426 1207 leguntur,
1459 1146 1564 1191 dare

132 1216 371 1275 pecuniam
420 1230 514 1259 non
565 1214 710 1272 iubet3
761 1213 838 1258 sed
889 1213 940 1270 ii,
994 1226 1107 1270 quos
1160 1210 1442 1270 indulgentia
1486 1211 1566 1254 tua

135 1278 403 1337 quibusdam
444 1277 701 1322 civitatibus
742 1291 878 1334 super
918 1276 1173 1335 legitimum
1214 1288 1451 1318 numerum
1490 1272 1565 1317 ad-

133 1342 249 1387 icere
275 1341 499 1400 permisit,
532 1343 577 1385 et
604 1339 783 1399 singula
815 1339 940 1383 milia
967 1337 1252 1382 denariorum
1286 1339 1331 1381 et
1361 1335 1469 1380 bina
1500 1335 1566 1379 in-

84 1415 106 1448 2
134 1406 346 1450 tulerunt.
412 1402 601 1448 Anicius
631 1402 790 1447 deinde
811 1401 1035 1446 Maximus
1057 1400 1301 1459 proconsul
1321 1413 1397 1444 eos
1418 1398 1565 1455 etiam,

136 1468 214 1526 qui
247 1484 273 1512 a
313 1466 571 1512 censoribus
611 1467 887 1525 legerentur,
931 1465 1166 1509 dumtaxat
1203 1463 1251 1507 in
1283 1461 1566 1521 paucissimis

86 1541 107 1574 3
136 1531 395 1577 civitatibus
429 1529 552 1575 aliud
585 1529 684 1573 aliis
718 1528 850 1573 iussit
882 1527 1057 1572 inferre.
1112 1525 1327 1584 Superest
1358 1539 1484 1584 ergo,
1516 1526 1568 1568 ut

136 1595 232 1652 ipse
274 1593 503 1652 dispicias,
546 1608 604 1636 an
646 1592 693 1636 in
733 1591 941 1636 omnibus
982 1589 1239 1635 civitatibus
1279 1590 1451 1633 certum
1490 1587 1568 1631 ali-

138 1657 246 1715 quid
274 1669 446 1714 ·omnes‚
482 1655 560 1714 qui
586 1654 745 1700 deinde
771 1654 981 1699 buleutae
1006 1654 1233 1712 legentur,
1268 1651 1459 1696 debeant
1484 1664 1566 1708 pro

137 1720 327 1764 introitu
373 1719 488 1764 dare.
552 1717 690 1776 Nam,
738 1717 861 1775 quod
903 1717 951 1760 in
996 1717 1266 1774 perpetuum
1307 1728 1569 1759 mansurum

138 1785 223 1841 est,
257 1799 283 1827 a
308 1785 353 1826 te
383 1781 598 1827 constitui
635 1781 778 1838 decet,
813 1780 939 1825 cuius
966 1779 1098 1824 factis
1131 1778 1353 1835 dictisque
1383 1776 1571 1821 debetur

138 1845 391 1891 aeternitas.

667 1946 815 1988 cxm.
859 1944 1042 1999 [cxiv]

616 2037 871 2072 TRAIANUS
905 2036 1095 2071 PLINIO.

234 2120 541 2167 Honorarium
568 2121 884 2166 decurionatus
913 2133 1087 2176 omnes,
1122 2117 1201 2176 qui
1226 2116 1274 2160 in
1309 2130 1487 2174 quaque
1514 2114 1573 2160 ci-

142 2186 278 2230 vitate
299 2184 540 2242 Bithyniae
561 2183 824 2228 decuriones
850 2182 984 2240 fiunt,
1018 2181 1182 2226 inferre
1210 2179 1401 2224 debeant
1418 2193 1572 2235 necne,

143 2248 190 2292 in
222 2248 482 2292 universum
517 2263 543 2292 a
575 2262 646 2291 me
679 2261 772 2291 non
805 2247 957 2304 potest
991 2244 1140 2289 statui.
1204 2242 1257 2287 Id
1290 2257 1418 2302 ergo,
1452 2240 1573 2299 quod

144 2326 318 2369 semper
356 2310 633 2355 tutissimum
673 2311 760 2367 est,
802 2308 1076 2366 sequendam
1117 2306 1335 2364 cuiusque
1376 2303 1572 2350 civitatis

246 2488 291 2521 19
320 2484 430 2521 aliud
458 2483 555 2520 alios
586 2483 664 2529 Or„
688 2482 797 2519 aliud
820 2481 922 2532 (in)
945 2481 1035 2518 aliis
1059 2480 1264 2518 Guenther.
1368 2482 1414 2515 21
1442 2476 1574 2526 legen-

144 2536 210 2572 tur
237 2534 441 2581 Schaefer„
469 2535 522 2571 K.
538 2535 598 2580 II,
628 2533 778 2579 Muell„
806 2532 992 2580 leguntur
1017 2532 1118 2580 moly.

1588 922 1625 949 10

1591 1285 1627 1314 15

1595 1601 1630 1628 20

1597 1952 1633 1981 25

1600 2317 1637 2345 30
