<?xml version="1.0" encoding="UTF-8"?>
<!DOCTYPE html PUBLIC "-//W3C//DTD XHTML 1.0 Transitional//EN"
    "http://www.w3.org/TR/xhtml1/DTD/xhtml1-transitional.dtd">
<html xmlns="http://www.w3.org/1999/xhtml" xml:lang="en" lang="en">
 <head>
  <title>
</title>
<meta http-equiv="Content-Type" content="text/html;charset=utf-8" />
  <meta name='ocr-system' content='tesseract 3.04.00' />
  <meta name='ocr-capabilities' content='ocr_page ocr_carea ocr_par ocr_line ocrx_word'/>
</head>
<body>
  <div class='ocr_page' id='page_1' title='image "./epistularumlibr00plin_0176.png"; bbox 0 0 1630 2678; ppageno 0'>
   <div class='ocr_carea' id='block_1_1' title="bbox 147 138 939 194">
    <p class='ocr_par' dir='ltr' id='par_1_1' title="bbox 147 138 939 194">
     <span class='ocr_line' id='line_1_1' title="bbox 147 138 939 194; baseline -0.009 -13"><span class='ocrx_word' id='word_1_1' title='bbox 147 149 233 194; x_wconf 78' lang='lat'><strong>160</strong></span> <span class='ocrx_word' id='word_1_2' title='bbox 739 139 779 178; x_wconf 82' lang='lat' dir='ltr'><strong>C.</strong></span> <span class='ocrx_word' id='word_1_3' title='bbox 805 138 939 175; x_wconf 86' lang='lat' dir='ltr'><strong>PLINI</strong></span> 
     </span>
    </p>
   </div>
   <div class='ocr_carea' id='block_1_2' title="bbox 141 248 1602 1409">
    <p class='ocr_par' dir='ltr' id='par_1_2' title="bbox 141 248 1602 1409">
     <span class='ocr_line' id='line_1_2' title="bbox 142 248 1581 303; baseline -0.007 0"><span class='ocrx_word' id='word_1_4' title='bbox 142 259 357 303; x_wconf 89' lang='lat' dir='ltr'><strong>monibus.</strong></span> <span class='ocrx_word' id='word_1_5' title='bbox 406 254 621 299; x_wconf 80' lang='lat' dir='ltr'><strong>Proximis</strong></span> <span class='ocrx_word' id='word_1_6' title='bbox 643 250 833 296; x_wconf 88' lang='lat' dir='ltr'><strong>comitiis</strong></span> <span class='ocrx_word' id='word_1_7' title='bbox 853 248 1186 293; x_wconf 85' lang='lat' dir='ltr'><strong>honestissimas</strong></span> <span class='ocrx_word' id='word_1_8' title='bbox 1205 262 1335 292; x_wconf 86' lang='lat' dir='ltr'><strong>voces</strong></span> <span class='ocrx_word' id='word_1_9' title='bbox 1355 249 1533 292; x_wconf 84' lang='lat' dir='ltr'><strong>senatus</strong></span> <span class='ocrx_word' id='word_1_10' title='bbox 1575 287 1581 293; x_wconf 95' lang='lat'>.</span> 
     </span>
     <span class='ocr_line' id='line_1_3' title="bbox 143 309 1533 377; baseline -0.009 -13"><span class='ocrx_word' id='word_1_11' title='bbox 143 319 372 377; x_wconf 76' lang='lat' dir='ltr'>expressit:</span> <span class='ocrx_word' id='word_1_12' title='bbox 417 314 668 359; x_wconf 75' lang='lat' dir='ltr'><strong>‘Candidati</strong></span> <span class='ocrx_word' id='word_1_13' title='bbox 707 328 761 355; x_wconf 93' lang='lat' dir='ltr'><strong>ne</strong></span> <span class='ocrx_word' id='word_1_14' title='bbox 793 311 1098 367; x_wconf 72' lang='lat' dir='ltr'>conviventur,</span> <span class='ocrx_word' id='word_1_15' title='bbox 1142 324 1198 353; x_wconf 87' lang='lat' dir='ltr'><strong>ne</strong></span> <span class='ocrx_word' id='word_1_16' title='bbox 1228 309 1410 353; x_wconf 85' lang='lat' dir='ltr'><strong>mittant</strong></span> <span class='ocrx_word' id='word_1_17' title='bbox 1440 323 1533 352; x_wconf 91' lang='lat' dir='ltr'><strong>mu-</strong></span> 
     </span>
     <span class='ocr_line' id='line_1_4' title="bbox 143 369 1536 436; baseline -0.008 -12"><span class='ocrx_word' id='word_1_18' title='bbox 143 396 264 436; x_wconf 89' lang='lat' dir='ltr'><strong>nera,</strong></span> <span class='ocrx_word' id='word_1_19' title='bbox 301 394 355 422; x_wconf 89' lang='lat' dir='ltr'><strong>ne</strong></span> <span class='ocrx_word' id='word_1_20' title='bbox 392 376 598 434; x_wconf 82' lang='lat' dir='ltr'><strong>pecunias</strong></span> <span class='ocrx_word' id='word_1_21' title='bbox 639 372 888 430; x_wconf 86' lang='lat' dir='ltr'><strong>deponant.&#39;</strong></span> <span class='ocrx_word' id='word_1_22' title='bbox 958 371 1028 414; x_wconf 83' lang='lat' dir='ltr'><strong>Ex</strong></span> <span class='ocrx_word' id='word_1_23' title='bbox 1067 370 1229 427; x_wconf 89' lang='lat' dir='ltr'><strong>quibus</strong></span> <span class='ocrx_word' id='word_1_24' title='bbox 1267 370 1354 414; x_wconf 89' lang='lat' dir='ltr'><strong>duo</strong></span> <span class='ocrx_word' id='word_1_25' title='bbox 1386 369 1536 427; x_wconf 91' lang='lat' dir='ltr'><strong>priora</strong></span> 
     </span>
     <span class='ocr_line' id='line_1_5' title="bbox 143 431 1535 496; baseline -0.008 -11"><span class='ocrx_word' id='word_1_26' title='bbox 143 446 232 485; x_wconf 84' lang='lat' dir='ltr'><strong>tam</strong></span> <span class='ocrx_word' id='word_1_27' title='bbox 263 442 409 496; x_wconf 90' lang='lat' dir='ltr'><strong>aperte</strong></span> <span class='ocrx_word' id='word_1_28' title='bbox 430 452 559 494; x_wconf 88' lang='lat' dir='ltr'><strong>quam</strong></span> <span class='ocrx_word' id='word_1_29' title='bbox 588 435 806 478; x_wconf 81' lang='lat' dir='ltr'><strong>inmodice</strong></span> <span class='ocrx_word' id='word_1_30' title='bbox 825 433 1008 489; x_wconf 89' lang='lat' dir='ltr'><strong>fiebant,</strong></span> <span class='ocrx_word' id='word_1_31' title='bbox 1039 432 1127 476; x_wconf 91' lang='lat' dir='ltr'><strong>hoc</strong></span> <span class='ocrx_word' id='word_1_32' title='bbox 1151 431 1351 488; x_wconf 89' lang='lat' dir='ltr'><strong>tertium,</strong></span> <span class='ocrx_word' id='word_1_33' title='bbox 1383 445 1535 488; x_wconf 89' lang='lat' dir='ltr'><strong>quam-</strong></span> 
     </span>
     <span class='ocr_line' id='line_1_6' title="bbox 145 492 1579 559; baseline -0.007 -14"><span class='ocrx_word' id='word_1_34' title='bbox 145 517 275 559; x_wconf 89' lang='lat' dir='ltr'><strong>quam</strong></span> <span class='ocrx_word' id='word_1_35' title='bbox 302 500 612 553; x_wconf 77' lang='lat' dir='ltr'><strong>occultaretur,</strong></span> <span class='ocrx_word' id='word_1_36' title='bbox 642 511 723 553; x_wconf 90' lang='lat' dir='ltr'><strong>pro</strong></span> <span class='ocrx_word' id='word_1_37' title='bbox 751 499 976 552; x_wconf 89' lang='lat' dir='ltr'><strong>comperto</strong></span> <span class='ocrx_word' id='word_1_38' title='bbox 1003 493 1257 537; x_wconf 81' lang='lat' dir='ltr'><strong>habebatur.</strong></span> <span class='ocrx_word' id='word_1_39' title='bbox 1295 492 1535 537; x_wconf 80' lang='lat' dir='ltr'><strong>Homullus</strong></span> <span class='ocrx_word' id='word_1_40' title='bbox 1560 504 1579 533; x_wconf 73' lang='grc' dir='ltr'>ε</span> 
     </span>
     <span class='ocr_line' id='line_1_7' title="bbox 144 555 1536 616; baseline -0.006 -10"><span class='ocrx_word' id='word_1_41' title='bbox 144 562 297 606; x_wconf 90' lang='lat' dir='ltr'><strong>deinde</strong></span> <span class='ocrx_word' id='word_1_42' title='bbox 341 563 491 604; x_wconf 89' lang='lat' dir='ltr'><strong>noster</strong></span> <span class='ocrx_word' id='word_1_43' title='bbox 533 558 769 616; x_wconf 74' lang='lat' dir='ltr'><strong>vigilanter</strong></span> <span class='ocrx_word' id='word_1_44' title='bbox 819 570 925 599; x_wconf 90' lang='lat' dir='ltr'><strong>usus</strong></span> <span class='ocrx_word' id='word_1_45' title='bbox 966 555 1053 598; x_wconf 87' lang='lat' dir='ltr'><strong>hoc</strong></span> <span class='ocrx_word' id='word_1_46' title='bbox 1097 568 1314 598; x_wconf 89' lang='lat' dir='ltr'><strong>consensu</strong></span> <span class='ocrx_word' id='word_1_47' title='bbox 1358 555 1536 598; x_wconf 87' lang='lat' dir='ltr'><strong>senatus</strong></span> 
     </span>
     <span class='ocr_line' id='line_1_8' title="bbox 143 614 1575 675; baseline -0.007 -8"><span class='ocrx_word' id='word_1_48' title='bbox 143 623 381 668; x_wconf 89' lang='lat' dir='ltr'><strong>sententiae</strong></span> <span class='ocrx_word' id='word_1_49' title='bbox 411 622 510 664; x_wconf 93' lang='lat' dir='ltr'><strong>loco</strong></span> <span class='ocrx_word' id='word_1_50' title='bbox 542 618 804 675; x_wconf 83' lang='lat' dir='ltr'><strong>postulavit,</strong></span> <span class='ocrx_word' id='word_1_51' title='bbox 834 620 885 660; x_wconf 89' lang='lat' dir='ltr'><strong>ut</strong></span> <span class='ocrx_word' id='word_1_52' title='bbox 917 616 1118 660; x_wconf 89' lang='lat' dir='ltr'><strong>consules</strong></span> <span class='ocrx_word' id='word_1_53' title='bbox 1145 614 1410 659; x_wconf 83' lang='lat' dir='ltr'><strong>desiderium</strong></span> <span class='ocrx_word' id='word_1_54' title='bbox 1442 614 1537 658; x_wconf 89' lang='lat' dir='ltr'><strong>uni-</strong></span> <span class='ocrx_word' id='word_1_55' title='bbox 1572 619 1575 621; x_wconf 86' lang='grc'><strong>’</strong></span> 
     </span>
     <span class='ocr_line' id='line_1_9' title="bbox 143 675 1533 737; baseline -0.006 -9"><span class='ocrx_word' id='word_1_56' title='bbox 143 698 365 728; x_wconf 88' lang='lat' dir='ltr'><strong>versorum</strong></span> <span class='ocrx_word' id='word_1_57' title='bbox 404 684 558 725; x_wconf 90' lang='lat' dir='ltr'><strong>notum</strong></span> <span class='ocrx_word' id='word_1_58' title='bbox 604 679 794 737; x_wconf 88' lang='lat' dir='ltr'><strong>principi</strong></span> <span class='ocrx_word' id='word_1_59' title='bbox 835 679 1030 722; x_wconf 87' lang='lat' dir='ltr'><strong>facerent</strong></span> <span class='ocrx_word' id='word_1_60' title='bbox 1068 679 1376 734; x_wconf 80' lang='lat' dir='ltr'><strong>peterentque,</strong></span> <span class='ocrx_word' id='word_1_61' title='bbox 1417 675 1533 720; x_wconf 90' lang='lat' dir='ltr'><strong>sicut</strong></span> 
     </span>
     <span class='ocr_line' id='line_1_10' title="bbox 143 738 1536 797; baseline -0.006 -8"><span class='ocrx_word' id='word_1_62' title='bbox 143 745 238 789; x_wconf 88' lang='lat' dir='ltr'><strong>aliis</strong></span> <span class='ocrx_word' id='word_1_63' title='bbox 283 744 403 787; x_wconf 83' lang='lat' dir='ltr'><strong>vitiis</strong></span> <span class='ocrx_word' id='word_1_64' title='bbox 447 743 552 786; x_wconf 89' lang='lat' dir='ltr'><strong>huic</strong></span> <span class='ocrx_word' id='word_1_65' title='bbox 604 755 779 797; x_wconf 88' lang='lat' dir='ltr'><strong>quoque</strong></span> <span class='ocrx_word' id='word_1_66' title='bbox 823 738 1103 796; x_wconf 83' lang='lat' dir='ltr'><strong>providentia</strong></span> <span class='ocrx_word' id='word_1_67' title='bbox 1146 752 1226 781; x_wconf 84' lang='lat' dir='ltr'><strong>sua</strong></span> <span class='ocrx_word' id='word_1_68' title='bbox 1277 739 1536 781; x_wconf 84' lang='lat' dir='ltr'><strong>occurreret.</strong></span> 
     </span>
     <span class='ocr_line' id='line_1_11' title="bbox 143 798 1601 861; baseline -0.006 -12"><span class='ocrx_word' id='word_1_69' title='bbox 143 805 359 861; x_wconf 85' lang='lat' dir='ltr'><strong>Occurrit3</strong></span> <span class='ocrx_word' id='word_1_70' title='bbox 390 819 492 847; x_wconf 87' lang='lat' dir='ltr'><strong>nam</strong></span> <span class='ocrx_word' id='word_1_71' title='bbox 519 805 719 859; x_wconf 88' lang='lat' dir='ltr'><strong>sumptus</strong></span> <span class='ocrx_word' id='word_1_72' title='bbox 747 801 1079 845; x_wconf 89' lang='lat' dir='ltr'><strong>candidatorum</strong></span> <span class='ocrx_word' id='word_1_73' title='bbox 1104 799 1258 843; x_wconf 85' lang='lat' dir='ltr'><strong>foedos</strong></span> <span class='ocrx_word' id='word_1_74' title='bbox 1283 798 1384 842; x_wconf 82' lang='lat' dir='ltr'><strong>illos</strong></span> <span class='ocrx_word' id='word_1_75' title='bbox 1411 800 1456 842; x_wconf 88' lang='lat' dir='ltr'><strong>et</strong></span> <span class='ocrx_word' id='word_1_76' title='bbox 1473 798 1538 842; x_wconf 88' lang='lat' dir='ltr'><strong>in-</strong></span> <span class='ocrx_word' id='word_1_77' title='bbox 1565 810 1601 838; x_wconf 83' lang='grc' dir='ltr'><strong>ιο</strong></span> 
     </span>
     <span class='ocr_line' id='line_1_12' title="bbox 141 859 1538 921; baseline -0.006 -11"><span class='ocrx_word' id='word_1_78' title='bbox 141 868 278 910; x_wconf 89' lang='lat' dir='ltr'><strong>fames</strong></span> <span class='ocrx_word' id='word_1_79' title='bbox 311 866 504 909; x_wconf 83' lang='lat' dir='ltr'><strong>ambitus</strong></span> <span class='ocrx_word' id='word_1_80' title='bbox 536 865 632 921; x_wconf 86' lang='lat' dir='ltr'><strong>lege</strong></span> <span class='ocrx_word' id='word_1_81' title='bbox 663 861 908 906; x_wconf 82' lang='lat' dir='ltr'><strong>restrinxit:</strong></span> <span class='ocrx_word' id='word_1_82' title='bbox 954 861 1129 904; x_wconf 87' lang='lat' dir='ltr'><strong>eosdem</strong></span> <span class='ocrx_word' id='word_1_83' title='bbox 1161 859 1418 917; x_wconf 81' lang='lat' dir='ltr'><strong>patrimonii</strong></span> <span class='ocrx_word' id='word_1_84' title='bbox 1449 861 1538 903; x_wconf 87' lang='lat' dir='ltr'><strong>ter-</strong></span> 
     </span>
     <span class='ocr_line' id='line_1_13' title="bbox 142 920 1538 983; baseline -0.005 -12"><span class='ocrx_word' id='word_1_85' title='bbox 142 929 249 972; x_wconf 86' lang='lat' dir='ltr'><strong>tiam</strong></span> <span class='ocrx_word' id='word_1_86' title='bbox 281 929 451 983; x_wconf 90' lang='lat' dir='ltr'><strong>partem</strong></span> <span class='ocrx_word' id='word_1_87' title='bbox 484 925 683 969; x_wconf 87' lang='lat' dir='ltr'><strong>conferre</strong></span> <span class='ocrx_word' id='word_1_88' title='bbox 722 924 851 967; x_wconf 91' lang='lat' dir='ltr'><strong>iussit</strong></span> <span class='ocrx_word' id='word_1_89' title='bbox 882 923 929 966; x_wconf 90' lang='lat' dir='ltr'><strong>in</strong></span> <span class='ocrx_word' id='word_1_90' title='bbox 962 937 1031 978; x_wconf 88' lang='lat' dir='ltr'><strong>ea,</strong></span> <span class='ocrx_word' id='word_1_91' title='bbox 1069 936 1182 978; x_wconf 90' lang='lat' dir='ltr'><strong>quae</strong></span> <span class='ocrx_word' id='word_1_92' title='bbox 1214 920 1538 966; x_wconf 85' lang='lat' dir='ltr'><strong>solo-contine-</strong></span> 
     </span>
     <span class='ocr_line' id='line_1_14' title="bbox 142 982 1539 1044; baseline -0.005 -12"><span class='ocrx_word' id='word_1_93' title='bbox 142 991 310 1044; x_wconf 83' lang='lat' dir='ltr'><strong>rentur,</strong></span> <span class='ocrx_word' id='word_1_94' title='bbox 344 987 536 1030; x_wconf 89' lang='lat' dir='ltr'><strong>deforme</strong></span> <span class='ocrx_word' id='word_1_95' title='bbox 569 985 824 1040; x_wconf 89' lang='lat' dir='ltr'><strong>arbitratus,</strong></span> <span class='ocrx_word' id='word_1_96' title='bbox 855 987 906 1027; x_wconf 93' lang='lat' dir='ltr'><strong>ut</strong></span> <span class='ocrx_word' id='word_1_97' title='bbox 939 987 1051 1039; x_wconf 87' lang='lat' dir='ltr'><strong>erat,</strong></span> <span class='ocrx_word' id='word_1_98' title='bbox 1081 983 1296 1026; x_wconf 88' lang='lat' dir='ltr'><strong>honorem</strong></span> <span class='ocrx_word' id='word_1_99' title='bbox 1322 982 1539 1039; x_wconf 86' lang='lat' dir='ltr'><strong>petituros</strong></span> 
     </span>
     <span class='ocr_line' id='line_1_15' title="bbox 142 1042 1541 1104; baseline -0.005 -11"><span class='ocrx_word' id='word_1_100' title='bbox 142 1050 296 1094; x_wconf 90' lang='lat' dir='ltr'><strong>urbem</strong></span> <span class='ocrx_word' id='word_1_101' title='bbox 315 1047 576 1104; x_wconf 88' lang='lat' dir='ltr'><strong>Italiamque</strong></span> <span class='ocrx_word' id='word_1_102' title='bbox 608 1061 698 1089; x_wconf 91' lang='lat' dir='ltr'><strong>non</strong></span> <span class='ocrx_word' id='word_1_103' title='bbox 724 1060 804 1102; x_wconf 91' lang='lat' dir='ltr'><strong>pro</strong></span> <span class='ocrx_word' id='word_1_104' title='bbox 837 1046 997 1102; x_wconf 87' lang='lat' dir='ltr'><strong>patria,</strong></span> <span class='ocrx_word' id='word_1_105' title='bbox 1031 1044 1107 1088; x_wconf 86' lang='lat' dir='ltr'><strong>sed</strong></span> <span class='ocrx_word' id='word_1_106' title='bbox 1133 1058 1214 1100; x_wconf 91' lang='lat' dir='ltr'><strong>pro</strong></span> <span class='ocrx_word' id='word_1_107' title='bbox 1241 1042 1437 1101; x_wconf 87' lang='lat' dir='ltr'><strong>hospitio</strong></span> <span class='ocrx_word' id='word_1_108' title='bbox 1463 1045 1541 1086; x_wconf 88' lang='lat' dir='ltr'><strong>aut</strong></span> 
     </span>
     <span class='ocr_line' id='line_1_16' title="bbox 144 1104 1602 1166; baseline -0.005 -12"><span class='ocrx_word' id='word_1_109' title='bbox 144 1111 315 1154; x_wconf 89' lang='lat' dir='ltr'><strong>stabulo</strong></span> <span class='ocrx_word' id='word_1_110' title='bbox 355 1109 481 1166; x_wconf 86' lang='lat' dir='ltr'><strong>quasi</strong></span> <span class='ocrx_word' id='word_1_111' title='bbox 519 1107 847 1165; x_wconf 87' lang='lat' dir='ltr'><strong>peregrinantes</strong></span> <span class='ocrx_word' id='word_1_112' title='bbox 886 1106 1059 1149; x_wconf 88' lang='lat' dir='ltr'><strong>habere.</strong></span> <span class='ocrx_word' id='word_1_113' title='bbox 1125 1104 1401 1149; x_wconf 85' lang='lat' dir='ltr'><strong>Concursant</strong></span> <span class='ocrx_word' id='word_1_114' title='bbox 1432 1118 1538 1162; x_wconf 87' lang='lat' dir='ltr'><strong>ergo</strong></span> <span class='ocrx_word' id='word_1_115' title='bbox 1566 1116 1602 1146; x_wconf 78' lang='lat'><strong>1⁵</strong></span> 
     </span>
     <span class='ocr_line' id='line_1_17' title="bbox 143 1165 1541 1225; baseline -0.006 -9"><span class='ocrx_word' id='word_1_116' title='bbox 143 1171 379 1216; x_wconf 87' lang='lat' dir='ltr'><strong>candidati:</strong></span> <span class='ocrx_word' id='word_1_117' title='bbox 413 1169 631 1225; x_wconf 84' lang='lat' dir='ltr'><strong>certatim,</strong></span> <span class='ocrx_word' id='word_1_118' title='bbox 658 1167 871 1224; x_wconf 90' lang='lat' dir='ltr'><strong>quidquid</strong></span> <span class='ocrx_word' id='word_1_119' title='bbox 891 1168 1043 1210; x_wconf 85' lang='lat' dir='ltr'><strong>venale</strong></span> <span class='ocrx_word' id='word_1_120' title='bbox 1064 1166 1268 1222; x_wconf 88' lang='lat' dir='ltr'><strong>audiunt,</strong></span> <span class='ocrx_word' id='word_1_121' title='bbox 1293 1165 1541 1223; x_wconf 89' lang='lat' dir='ltr'><strong>emptitant,</strong></span> 
     </span>
     <span class='ocr_line' id='line_1_18' title="bbox 145 1226 1539 1289; baseline -0.004 -13"><span class='ocrx_word' id='word_1_122' title='bbox 145 1246 317 1289; x_wconf 88' lang='lat' dir='ltr'><strong>quoque</strong></span> <span class='ocrx_word' id='word_1_123' title='bbox 350 1231 439 1274; x_wconf 92' lang='lat' dir='ltr'><strong>sint</strong></span> <span class='ocrx_word' id='word_1_124' title='bbox 469 1231 597 1287; x_wconf 85' lang='lat' dir='ltr'><strong>plura</strong></span> <span class='ocrx_word' id='word_1_125' title='bbox 629 1230 818 1285; x_wconf 81' lang='lat' dir='ltr'><strong>venalia,</strong></span> <span class='ocrx_word' id='word_1_126' title='bbox 851 1228 1061 1272; x_wconf 82' lang='lat' dir='ltr'><strong>efficiunt.</strong></span> <span class='ocrx_word' id='word_1_127' title='bbox 1124 1227 1334 1283; x_wconf 88' lang='lat' dir='ltr'><strong>Proinde,</strong></span> <span class='ocrx_word' id='word_1_128' title='bbox 1371 1226 1410 1271; x_wconf 89' lang='lat' dir='ltr'><strong>si</strong></span> <span class='ocrx_word' id='word_1_129' title='bbox 1440 1241 1539 1283; x_wconf 86' lang='lat' dir='ltr'><strong>pae-</strong></span> 
     </span>
     <span class='ocr_line' id='line_1_19' title="bbox 143 1287 1540 1347; baseline -0.004 -10"><span class='ocrx_word' id='word_1_130' title='bbox 143 1293 256 1337; x_wconf 89' lang='lat' dir='ltr'><strong>nitet</strong></span> <span class='ocrx_word' id='word_1_131' title='bbox 286 1295 329 1336; x_wconf 91' lang='lat' dir='ltr'><strong>te</strong></span> <span class='ocrx_word' id='word_1_132' title='bbox 361 1291 616 1335; x_wconf 91' lang='lat' dir='ltr'><strong>Italicorum</strong></span> <span class='ocrx_word' id='word_1_133' title='bbox 655 1291 955 1347; x_wconf 89' lang='lat' dir='ltr'><strong>praediorum,</strong></span> <span class='ocrx_word' id='word_1_134' title='bbox 992 1290 1078 1333; x_wconf 89' lang='lat' dir='ltr'><strong>hoc</strong></span> <span class='ocrx_word' id='word_1_135' title='bbox 1110 1287 1327 1332; x_wconf 83' lang='lat' dir='ltr'><strong>vendendi</strong></span> <span class='ocrx_word' id='word_1_136' title='bbox 1363 1290 1540 1344; x_wconf 87' lang='lat' dir='ltr'><strong>tempus</strong></span> 
     </span>
     <span class='ocr_line' id='line_1_20' title="bbox 143 1348 1541 1409; baseline -0.004 -12"><span class='ocrx_word' id='word_1_137' title='bbox 143 1358 233 1397; x_wconf 87' lang='lat' dir='ltr'><strong>tam</strong></span> <span class='ocrx_word' id='word_1_138' title='bbox 253 1354 430 1397; x_wconf 86' lang='lat' dir='ltr'><strong>hercule</strong></span> <span class='ocrx_word' id='word_1_139' title='bbox 452 1367 582 1409; x_wconf 90' lang='lat' dir='ltr'><strong>quam</strong></span> <span class='ocrx_word' id='word_1_140' title='bbox 603 1352 650 1394; x_wconf 90' lang='lat' dir='ltr'><strong>in</strong></span> <span class='ocrx_word' id='word_1_141' title='bbox 669 1351 910 1408; x_wconf 86' lang='lat' dir='ltr'><strong>provinciis</strong></span> <span class='ocrx_word' id='word_1_142' title='bbox 932 1349 1236 1407; x_wconf 88' lang='lat' dir='ltr'><strong>comparandi,</strong></span> <span class='ocrx_word' id='word_1_143' title='bbox 1269 1349 1375 1392; x_wconf 89' lang='lat' dir='ltr'><strong>dum</strong></span> <span class='ocrx_word' id='word_1_144' title='bbox 1407 1348 1541 1393; x_wconf 89' lang='lat' dir='ltr'><strong>iidem</strong></span> 
     </span>
    </p>
   </div>
   <div class='ocr_carea' id='block_1_3' title="bbox 145 1409 1602 1634">
    <p class='ocr_par' dir='ltr' id='par_1_3' title="bbox 145 1409 1602 1634">
     <span class='ocr_line' id='line_1_21' title="bbox 145 1409 1602 1474; baseline -0.005 -16"><span class='ocrx_word' id='word_1_145' title='bbox 145 1415 363 1459; x_wconf 90' lang='lat' dir='ltr'><strong>candidati</strong></span> <span class='ocrx_word' id='word_1_146' title='bbox 395 1414 486 1457; x_wconf 87' lang='lat' dir='ltr'><strong>illic</strong></span> <span class='ocrx_word' id='word_1_147' title='bbox 518 1413 732 1468; x_wconf 86' lang='lat' dir='ltr'><strong>vendunt,</strong></span> <span class='ocrx_word' id='word_1_148' title='bbox 763 1415 813 1456; x_wconf 91' lang='lat' dir='ltr'><strong>ut</strong></span> <span class='ocrx_word' id='word_1_149' title='bbox 844 1412 918 1456; x_wconf 90' lang='lat' dir='ltr'><strong>hic</strong></span> <span class='ocrx_word' id='word_1_150' title='bbox 950 1414 1109 1455; x_wconf 85' lang='lat' dir='ltr'><strong>emant.</strong></span> <span class='ocrx_word' id='word_1_151' title='bbox 1173 1409 1295 1454; x_wconf 89' lang='lat' dir='ltr'><strong>Vale.</strong></span> <span class='ocrx_word' id='word_1_152' title='bbox 1468 1470 1476 1474; x_wconf 16' lang='grc' dir='ltr'>μ</span> <span class='ocrx_word' id='word_1_153' title='bbox 1566 1423 1602 1451; x_wconf 70' lang='lat' dir='ltr'><strong>zo</strong></span> 
     </span>
     <span class='ocr_line' id='line_1_22' title="bbox 214 1513 1412 1632; baseline -0.01 -62"><span class='ocrx_word' id='word_1_154' title='bbox 214 1540 247 1575; x_wconf 69' lang='grc' dir='ltr'><strong>μ.</strong></span> <span class='ocrx_word' id='word_1_155' title='bbox 290 1522 419 1582; x_wconf 65' lang='grc' dir='ltr'><strong>ἶι,ιι</strong></span> <span class='ocrx_word' id='word_1_156' title='bbox 796 1525 882 1565; x_wconf 83' lang='lat' dir='ltr'><strong>XX.</strong></span> <span class='ocrx_word' id='word_1_157' title='bbox 962 1519 1131 1586; x_wconf 61' lang='lat'><strong>5177..</strong></span> <span class='ocrx_word' id='word_1_158' title='bbox 1135 1513 1412 1632; x_wconf 29' lang='lat' dir='ltr'><strong>altman&amp;</strong></span> 
     </span>
     <span class='ocr_line' id='line_1_23' title="bbox 510 1599 1172 1634; baseline -0.002 0"><span class='ocrx_word' id='word_1_159' title='bbox 510 1601 550 1634; x_wconf 88' lang='lat' dir='ltr'><strong>C.</strong></span> <span class='ocrx_word' id='word_1_160' title='bbox 572 1600 772 1634; x_wconf 84' lang='lat' dir='ltr'>PLINIUS</span> <span class='ocrx_word' id='word_1_161' title='bbox 800 1600 984 1634; x_wconf 86' lang='lat' dir='ltr'>TACITO</span> <span class='ocrx_word' id='word_1_162' title='bbox 1012 1599 1108 1634; x_wconf 84' lang='lat' dir='ltr'><strong>SUO</strong></span> <span class='ocrx_word' id='word_1_163' title='bbox 1162 1622 1172 1633; x_wconf 86' lang='grc'><strong>.</strong></span> 
     </span>
    </p>
   </div>
   <div class='ocr_carea' id='block_1_4' title="bbox 149 1671 1605 2167">
    <p class='ocr_par' dir='ltr' id='par_1_4' title="bbox 149 1671 1604 1981">
     <span class='ocr_line' id='line_1_24' title="bbox 240 1671 1543 1738; baseline -0.001 -15"><span class='ocrx_word' id='word_1_164' title='bbox 240 1680 317 1723; x_wconf 90' lang='lat' dir='ltr'><strong>Ais</strong></span> <span class='ocrx_word' id='word_1_165' title='bbox 338 1683 380 1724; x_wconf 92' lang='lat' dir='ltr'><strong>te</strong></span> <span class='ocrx_word' id='word_1_166' title='bbox 407 1681 642 1724; x_wconf 89' lang='lat' dir='ltr'><strong>adductum</strong></span> <span class='ocrx_word' id='word_1_167' title='bbox 663 1681 844 1736; x_wconf 88' lang='lat' dir='ltr'><strong>litteris,</strong></span> <span class='ocrx_word' id='word_1_168' title='bbox 874 1695 982 1737; x_wconf 91' lang='lat' dir='ltr'><strong>quas</strong></span> <span class='ocrx_word' id='word_1_169' title='bbox 995 1671 1198 1738; x_wconf 49' lang='lat' dir='ltr'><strong>‘exigenti</strong></span> <span class='ocrx_word' id='word_1_170' title='bbox 1223 1678 1307 1722; x_wconf 85' lang='lat' dir='ltr'><strong>tibi</strong></span> <span class='ocrx_word' id='word_1_171' title='bbox 1327 1679 1381 1723; x_wconf 90' lang='lat' dir='ltr'><strong>de</strong></span> <span class='ocrx_word' id='word_1_172' title='bbox 1401 1680 1543 1722; x_wconf 86' lang='lat' dir='ltr'><strong>morte</strong></span> 
     </span>
     <span class='ocr_line' id='line_1_25' title="bbox 149 1738 1543 1799; baseline -0.001 -14"><span class='ocrx_word' id='word_1_173' title='bbox 149 1742 353 1785; x_wconf 88' lang='lat' dir='ltr'><strong>avunculi</strong></span> <span class='ocrx_word' id='word_1_174' title='bbox 385 1742 470 1784; x_wconf 90' lang='lat' dir='ltr'><strong>mei</strong></span> <span class='ocrx_word' id='word_1_175' title='bbox 503 1742 678 1797; x_wconf 85' lang='lat' dir='ltr'><strong>scripsi,</strong></span> <span class='ocrx_word' id='word_1_176' title='bbox 710 1757 869 1798; x_wconf 86' lang='lat' dir='ltr'><strong>cupere</strong></span> <span class='ocrx_word' id='word_1_177' title='bbox 903 1754 1184 1798; x_wconf 86' lang='lat' dir='ltr'><strong>cognoscere,</strong></span> <span class='ocrx_word' id='word_1_178' title='bbox 1215 1755 1326 1797; x_wconf 91' lang='lat' dir='ltr'><strong>quos</strong></span> <span class='ocrx_word' id='word_1_179' title='bbox 1359 1754 1442 1799; x_wconf 87' lang='lat' dir='ltr'><strong>ego</strong></span> <span class='ocrx_word' id='word_1_180' title='bbox 1462 1738 1543 1783; x_wconf 85' lang='lat' dir='ltr'><strong>Mi-</strong></span> 
     </span>
     <span class='ocr_line' id='line_1_26' title="bbox 151 1799 1604 1861; baseline -0.001 -17"><span class='ocrx_word' id='word_1_181' title='bbox 151 1803 242 1845; x_wconf 90' lang='lat' dir='ltr'><strong>seni</strong></span> <span class='ocrx_word' id='word_1_182' title='bbox 273 1803 451 1845; x_wconf 88' lang='lat' dir='ltr'><strong>relictus</strong></span> <span class='ocrx_word' id='word_1_183' title='bbox 480 1801 543 1860; x_wconf 82' lang='lat' dir='ltr'><strong>(id</strong></span> <span class='ocrx_word' id='word_1_184' title='bbox 573 1803 688 1845; x_wconf 89' lang='lat' dir='ltr'><strong>enim</strong></span> <span class='ocrx_word' id='word_1_185' title='bbox 720 1803 944 1860; x_wconf 86' lang='lat' dir='ltr'><strong>ingressus</strong></span> <span class='ocrx_word' id='word_1_186' title='bbox 971 1799 1254 1861; x_wconf 78' lang='lat' dir='ltr'><strong>abruperam)</strong></span> <span class='ocrx_word' id='word_1_187' title='bbox 1279 1816 1371 1845; x_wconf 89' lang='lat' dir='ltr'><strong>non</strong></span> <span class='ocrx_word' id='word_1_188' title='bbox 1396 1801 1541 1845; x_wconf 81' lang='lat' dir='ltr'><strong>solum</strong></span> <span class='ocrx_word' id='word_1_189' title='bbox 1568 1811 1604 1842; x_wconf 68' lang='lat' dir='ltr'><strong>ss</strong></span> 
     </span>
     <span class='ocr_line' id='line_1_27' title="bbox 150 1862 1542 1920; baseline -0.001 -14"><span class='ocrx_word' id='word_1_190' title='bbox 150 1866 310 1918; x_wconf 85' lang='lat' dir='ltr'><strong>metus,</strong></span> <span class='ocrx_word' id='word_1_191' title='bbox 361 1878 510 1905; x_wconf 87' lang='lat' dir='ltr'><strong>verum</strong></span> <span class='ocrx_word' id='word_1_192' title='bbox 552 1864 683 1906; x_wconf 87' lang='lat' dir='ltr'><strong>etiam</strong></span> <span class='ocrx_word' id='word_1_193' title='bbox 727 1878 851 1907; x_wconf 88' lang='lat' dir='ltr'><strong>casus</strong></span> <span class='ocrx_word' id='word_1_194' title='bbox 894 1863 1168 1920; x_wconf 86' lang='lat' dir='ltr'><strong>pertulerim:</strong></span> <span class='ocrx_word' id='word_1_195' title='bbox 1211 1862 1542 1920; x_wconf 79' lang='lat' dir='ltr'><strong>‘quamquam</strong></span> 
     </span>
     <span class='ocr_line' id='line_1_28' title="bbox 151 1923 1227 1981; baseline -0.001 -14"><span class='ocrx_word' id='word_1_196' title='bbox 151 1924 351 1967; x_wconf 89' lang='lat' dir='ltr'><strong>animus</strong></span> <span class='ocrx_word' id='word_1_197' title='bbox 384 1924 681 1967; x_wconf 89' lang='lat' dir='ltr'><strong>meminisse</strong></span> <span class='ocrx_word' id='word_1_198' title='bbox 714 1924 911 1980; x_wconf 89' lang='lat' dir='ltr'><strong>horret,</strong></span> <span class='ocrx_word' id='word_1_199' title='bbox 946 1923 1227 1981; x_wconf 64' lang='lat' dir='ltr'><strong>incipiam?</strong></span> 
     </span>
    </p>

    <p class='ocr_par' dir='ltr' id='par_1_5' title="bbox 152 1982 1605 2167">
     <span class='ocr_line' id='line_1_29' title="bbox 242 1982 1543 2042; baseline -0.001 -15"><span class='ocrx_word' id='word_1_200' title='bbox 242 1984 445 2027; x_wconf 89' lang='lat' dir='ltr'><strong>Profecto</strong></span> <span class='ocrx_word' id='word_1_201' title='bbox 488 1986 703 2027; x_wconf 88' lang='lat' dir='ltr'><strong>avunculo</strong></span> <span class='ocrx_word' id='word_1_202' title='bbox 747 1986 840 2041; x_wconf 91' lang='lat' dir='ltr'><strong>ipse</strong></span> <span class='ocrx_word' id='word_1_203' title='bbox 891 1986 1108 2042; x_wconf 87' lang='lat' dir='ltr'><strong>reliquum</strong></span> <span class='ocrx_word' id='word_1_204' title='bbox 1159 1987 1335 2042; x_wconf 89' lang='lat' dir='ltr'><strong>tempus</strong></span> <span class='ocrx_word' id='word_1_205' title='bbox 1386 1982 1543 2027; x_wconf 83' lang='lat' dir='ltr'><strong>studiis</strong></span> 
     </span>
     <span class='ocr_line' id='line_1_30' title="bbox 152 2043 1544 2103; baseline 0 -16"><span class='ocrx_word' id='word_1_206' title='bbox 152 2043 268 2102; x_wconf 83' lang='lat' dir='ltr'><strong>(ideo</strong></span> <span class='ocrx_word' id='word_1_207' title='bbox 296 2045 410 2087; x_wconf 88' lang='lat' dir='ltr'><strong>enim</strong></span> <span class='ocrx_word' id='word_1_208' title='bbox 436 2044 747 2103; x_wconf 81' lang='lat' dir='ltr'><strong>remanseram)</strong></span> <span class='ocrx_word' id='word_1_209' title='bbox 780 2047 993 2103; x_wconf 84' lang='lat' dir='ltr'><strong>impendi3</strong></span> <span class='ocrx_word' id='word_1_210' title='bbox 1025 2061 1131 2090; x_wconf 84' lang='lat' dir='ltr'><strong>mox</strong></span> <span class='ocrx_word' id='word_1_211' title='bbox 1154 2045 1396 2099; x_wconf 85' lang='lat' dir='ltr'><strong>balineum,</strong></span> <span class='ocrx_word' id='word_1_212' title='bbox 1422 2059 1544 2097; x_wconf 87' lang='lat' dir='ltr'><strong>cena,</strong></span> 
     </span>
     <span class='ocr_line' id='line_1_31' title="bbox 152 2105 1605 2167; baseline 0.001 -19"><span class='ocrx_word' id='word_1_213' title='bbox 152 2120 330 2148; x_wconf 90' lang='lat' dir='ltr'><strong>somnus</strong></span> <span class='ocrx_word' id='word_1_214' title='bbox 363 2106 584 2161; x_wconf 89' lang='lat' dir='ltr'><strong>inquietus</strong></span> <span class='ocrx_word' id='word_1_215' title='bbox 624 2109 666 2148; x_wconf 90' lang='lat' dir='ltr'><strong>et</strong></span> <span class='ocrx_word' id='word_1_216' title='bbox 704 2107 857 2150; x_wconf 85' lang='lat' dir='ltr'><strong>brevis.</strong></span> <span class='ocrx_word' id='word_1_217' title='bbox 924 2107 1224 2151; x_wconf 85' lang='lat' dir='ltr'><strong>Praecesserat</strong></span> <span class='ocrx_word' id='word_1_218' title='bbox 1262 2121 1341 2163; x_wconf 88' lang='lat' dir='ltr'><strong>per</strong></span> <span class='ocrx_word' id='word_1_219' title='bbox 1378 2105 1542 2167; x_wconf 86' lang='lat' dir='ltr'><strong>multos</strong></span> <span class='ocrx_word' id='word_1_220' title='bbox 1567 2123 1605 2152; x_wconf 78' lang='lat' dir='ltr'><strong>ao</strong></span> 
     </span>
    </p>
   </div>
   <div class='ocr_carea' id='block_1_5' title="bbox 150 2211 1544 2502">
    <p class='ocr_par' dir='ltr' id='par_1_6' title="bbox 150 2211 1544 2502">
     <span class='ocr_line' id='line_1_32' title="bbox 251 2211 1542 2259; baseline 0 -12"><span class='ocrx_word' id='word_1_221' title='bbox 251 2216 268 2247; x_wconf 84' lang='lat'>1</span> <span class='ocrx_word' id='word_1_222' title='bbox 296 2212 565 2247; x_wconf 89' lang='lat' dir='ltr'><strong>honestissima</strong></span> <span class='ocrx_word' id='word_1_223' title='bbox 591 2224 682 2248; x_wconf 86' lang='lat' dir='ltr'><strong>voce</strong></span> <span class='ocrx_word' id='word_1_224' title='bbox 709 2214 823 2259; x_wconf 79' lang='lat' dir='ltr'><strong>Dpr.</strong></span> <span class='ocrx_word' id='word_1_225' title='bbox 957 2218 1001 2250; x_wconf 89' lang='lat'><strong>10</strong></span> <span class='ocrx_word' id='word_1_226' title='bbox 1028 2214 1334 2258; x_wconf 84' lang='lat' dir='ltr'><strong>candidatorum,</strong></span> <span class='ocrx_word' id='word_1_227' title='bbox 1360 2211 1461 2249; x_wconf 73' lang='lat' dir='ltr'><strong>foed.</strong></span> <span class='ocrx_word' id='word_1_228' title='bbox 1487 2211 1542 2248; x_wconf 90' lang='lat' dir='ltr'><strong>ill.</strong></span> 
     </span>
     <span class='ocr_line' id='line_1_33' title="bbox 151 2260 1544 2310; baseline 0 -14"><span class='ocrx_word' id='word_1_229' title='bbox 151 2262 190 2297; x_wconf 89' lang='lat' dir='ltr'><strong>et</strong></span> <span class='ocrx_word' id='word_1_230' title='bbox 215 2261 282 2296; x_wconf 88' lang='lat' dir='ltr'><strong>inf.</strong></span> <span class='ocrx_word' id='word_1_231' title='bbox 311 2261 490 2305; x_wconf 85' lang='lat' dir='ltr'><strong>ambitus,</strong></span> <span class='ocrx_word' id='word_1_232' title='bbox 516 2260 602 2307; x_wconf 87' lang='lat' dir='ltr'><strong>lege</strong></span> <span class='ocrx_word' id='word_1_233' title='bbox 630 2263 847 2298; x_wconf 73' lang='lat' dir='ltr'><strong>Mommsen.</strong></span> <span class='ocrx_word' id='word_1_234' title='bbox 1005 2268 1047 2299; x_wconf 92' lang='lat'><strong>11</strong></span> <span class='ocrx_word' id='word_1_235' title='bbox 1076 2262 1310 2310; x_wconf 87' lang='lat' dir='ltr'><strong>patrimonio</strong></span> <span class='ocrx_word' id='word_1_236' title='bbox 1338 2261 1396 2306; x_wconf 83' lang='lat' dir='ltr'><strong>M,</strong></span> <span class='ocrx_word' id='word_1_237' title='bbox 1421 2261 1544 2308; x_wconf 77' lang='lat' dir='ltr'><strong>patri-</strong></span> 
     </span>
     <span class='ocr_line' id='line_1_34' title="bbox 150 2309 1543 2356; baseline 0.001 -12"><span class='ocrx_word' id='word_1_238' title='bbox 150 2310 364 2345; x_wconf 91' lang='lat' dir='ltr'><strong>moniorum</strong></span> <span class='ocrx_word' id='word_1_239' title='bbox 392 2309 502 2346; x_wconf 77' lang='lat' dir='ltr'><strong>Gertz</strong></span> <span class='ocrx_word' id='word_1_240' title='bbox 529 2310 579 2345; x_wconf 88' lang='lat' dir='ltr'><strong>ad</strong></span> <span class='ocrx_word' id='word_1_241' title='bbox 605 2309 688 2346; x_wconf 77' lang='lat' dir='ltr'><strong>Sen.</strong></span> <span class='ocrx_word' id='word_1_242' title='bbox 717 2310 807 2346; x_wconf 83' lang='lat' dir='ltr'><strong>dial.</strong></span> <span class='ocrx_word' id='word_1_243' title='bbox 838 2312 895 2347; x_wconf 89' lang='lat' dir='ltr'><strong>VI</strong></span> <span class='ocrx_word' id='word_1_244' title='bbox 918 2316 975 2356; x_wconf 88' lang='lat'><strong>11,</strong></span> <span class='ocrx_word' id='word_1_245' title='bbox 1003 2316 1024 2348; x_wconf 89' lang='lat'><strong><em>1</em></strong></span> <span class='ocrx_word' id='word_1_246' title='bbox 1190 2314 1235 2347; x_wconf 80' lang='lat'><strong>13</strong></span> <span class='ocrx_word' id='word_1_247' title='bbox 1261 2312 1306 2346; x_wconf 91' lang='lat' dir='ltr'><strong>ut</strong></span> <span class='ocrx_word' id='word_1_248' title='bbox 1331 2318 1406 2354; x_wconf 81' lang='grc' dir='ltr'><strong>ςα,</strong></span> <span class='ocrx_word' id='word_1_249' title='bbox 1436 2310 1488 2346; x_wconf 84' lang='grc' dir='ltr'><strong>Κ.</strong></span> <span class='ocrx_word' id='word_1_250' title='bbox 1508 2310 1543 2354; x_wconf 86' lang='lat'><strong>1,</strong></span> 
     </span>
     <span class='ocr_line' id='line_1_35' title="bbox 152 2357 1544 2405; baseline 0 -11"><span class='ocrx_word' id='word_1_251' title='bbox 152 2359 191 2394; x_wconf 90' lang='lat' dir='ltr'><strong>et</strong></span> <span class='ocrx_word' id='word_1_252' title='bbox 215 2358 296 2395; x_wconf 84' lang='lat' dir='ltr'><strong>rell.</strong></span> <span class='ocrx_word' id='word_1_253' title='bbox 403 2362 446 2393; x_wconf 88' lang='lat'><strong>14</strong></span> <span class='ocrx_word' id='word_1_254' title='bbox 472 2357 668 2404; x_wconf 89' lang='lat' dir='ltr'><strong>propriam</strong></span> <span class='ocrx_word' id='word_1_255' title='bbox 694 2371 726 2402; x_wconf 76' lang='lat' dir='ltr'><strong>r,</strong></span> <span class='ocrx_word' id='word_1_256' title='bbox 751 2371 820 2405; x_wconf 90' lang='lat' dir='ltr'><strong>pro</strong></span> <span class='ocrx_word' id='word_1_257' title='bbox 847 2361 976 2405; x_wconf 88' lang='lat' dir='ltr'><strong>patria</strong></span> <span class='ocrx_word' id='word_1_258' title='bbox 1001 2361 1081 2397; x_wconf 82' lang='lat' dir='ltr'><strong>rell.</strong></span> <span class='ocrx_word' id='word_1_259' title='bbox 1189 2358 1261 2396; x_wconf 76' lang='lat'><strong>1⁷·</strong></span> <span class='ocrx_word' id='word_1_260' title='bbox 1286 2370 1439 2405; x_wconf 88' lang='lat' dir='ltr'><strong>quoque</strong></span> <span class='ocrx_word' id='word_1_261' title='bbox 1465 2358 1544 2394; x_wconf 87' lang='lat' dir='ltr'><strong>sint</strong></span> 
     </span>
     <span class='ocr_line' id='line_1_36' title="bbox 153 2406 1544 2454; baseline 0.001 -12"><span class='ocrx_word' id='word_1_262' title='bbox 153 2408 204 2443; x_wconf 87' lang='lat' dir='ltr'><strong><em>M</em></strong></span> <span class='ocrx_word' id='word_1_263' title='bbox 210 2407 251 2443; x_wconf 92' lang='lat' dir='ltr'><em>D</em></span> <span class='ocrx_word' id='word_1_264' title='bbox 259 2415 365 2452; x_wconf 66' lang='lat' dir='ltr'><strong>pre,</strong></span> <span class='ocrx_word' id='word_1_265' title='bbox 395 2408 439 2442; x_wconf 90' lang='lat' dir='ltr'><strong>ut</strong></span> <span class='ocrx_word' id='word_1_266' title='bbox 461 2407 538 2442; x_wconf 89' lang='lat' dir='ltr'><strong>sint</strong></span> <span class='ocrx_word' id='word_1_267' title='bbox 561 2418 711 2452; x_wconf 88' lang='lat' dir='ltr'><strong>quoque</strong></span> <span class='ocrx_word' id='word_1_268' title='bbox 736 2420 771 2452; x_wconf 84' lang='lat' dir='ltr'><strong>a,</strong></span> <span class='ocrx_word' id='word_1_269' title='bbox 800 2419 874 2454; x_wconf 91' lang='lat' dir='ltr'><strong>quo</strong></span> <span class='ocrx_word' id='word_1_270' title='bbox 900 2411 945 2444; x_wconf 86' lang='lat' dir='ltr'><strong>ut</strong></span> <span class='ocrx_word' id='word_1_271' title='bbox 971 2410 1049 2445; x_wconf 88' lang='lat' dir='ltr'><strong>sint</strong></span> <span class='ocrx_word' id='word_1_272' title='bbox 1073 2410 1260 2453; x_wconf 64' lang='lat' dir='ltr'><strong>Momm-s„</strong></span> <span class='ocrx_word' id='word_1_273' title='bbox 1288 2409 1409 2454; x_wconf 86' lang='lat' dir='ltr'><strong>utque</strong></span> <span class='ocrx_word' id='word_1_274' title='bbox 1435 2406 1544 2443; x_wconf 76' lang='lat' dir='ltr'><strong>sint?</strong></span> 
     </span>
     <span class='ocr_line' id='line_1_37' title="bbox 155 2455 959 2502; baseline 0.002 -12"><span class='ocrx_word' id='word_1_275' title='bbox 155 2477 196 2483; x_wconf 88' lang='lat'><strong>-—-</strong></span> <span class='ocrx_word' id='word_1_276' title='bbox 223 2455 344 2502; x_wconf 88' lang='lat' dir='ltr'><strong>pluris</strong></span> <span class='ocrx_word' id='word_1_277' title='bbox 371 2463 403 2492; x_wconf 81' lang='grc' dir='ltr'><strong>ς.</strong></span> <span class='ocrx_word' id='word_1_278' title='bbox 505 2459 550 2491; x_wconf 82' lang='grc'><strong>26</strong></span> <span class='ocrx_word' id='word_1_279' title='bbox 585 2456 688 2502; x_wconf 75' lang='lat' dir='ltr'><strong>Very.</strong></span> <span class='ocrx_word' id='word_1_280' title='bbox 710 2457 803 2492; x_wconf 76' lang='lat' dir='ltr'><strong>Aen.</strong></span> <span class='ocrx_word' id='word_1_281' title='bbox 825 2458 875 2493; x_wconf 89' lang='grc' dir='ltr'><strong>ΙΙ</strong></span> <span class='ocrx_word' id='word_1_282' title='bbox 899 2462 959 2494; x_wconf 82' lang='grc'><strong>12.</strong></span> 
     </span>
    </p>
   </div>
  </div>
 </body>
</html>
