1630 2678
170 133 226 175 28
758 123 796 160 C.
823 122 955 158 PLINI

170 242 273 284 deus
306 238 467 282 adnuat
496 236 756 292 tandemque
794 250 863 278 me
894 234 977 276 hac
1009 231 1306 276 sollicitudine
1332 230 1550 297 epolvat3

171 317 256 358 qua
292 300 499 343 liberatus
531 297 843 340 Laurentinum
883 309 1048 349 meum,
1084 294 1170 337 hoc
1202 294 1270 336 est
1298 291 1474 337 libellos
1505 294 1552 336 et

171 361 405 420 pugillares
442 359 771 413 studiosumque
804 356 962 411 otium,
999 357 1205 411 repetam.
1267 352 1402 398 Nunc
1432 352 1551 398 enim

171 423 282 466 nihil
306 422 460 479 legere,
484 419 593 462 nihil
624 419 808 462 scribere
835 420 910 460 aut
935 416 1150 459 adsidenti
1169 417 1298 458 vacat
1316 416 1394 459 aut
1418 414 1550 459 anxio

124 497 144 528 2
170 484 284 526 libet.
337 481 501 535 Habes,
532 479 636 536 quid
662 480 857 534 timeam,
890 477 995 534 quid
1022 479 1188 533 optem,
1213 475 1320 533 quid
1345 475 1478 520 etiam
1503 475 1552 519 in
1576 490 1594 519 a

171 547 389 601 posterum
411 541 639 584 destinem:
664 543 715 583 tu
740 539 843 596 quid
865 539 1017 596 egeris,
1043 538 1148 594 quid
1175 551 1294 596 agas,
1318 536 1427 594 quid
1443 535 1553 581 velis

172 619 314 662 agere,
352 603 535 645 invicem
573 601 719 656 nobis,
758 600 831 644 sed
870 599 1123 642 laetioribus
1162 598 1362 655 epistulis
1400 597 1553 642 scribe.

172 665 266 708 Erit
291 663 535 708 confusioni
561 677 681 705 meae
706 676 795 704 non
822 661 1038 704 mediocre
1065 661 1290 716 solacium,
1315 659 1354 702 si
1371 661 1423 703 tu
1439 657 1555 703 nihil

172 724 370 782 quereris.
432 723 552 766 Vale.

782 810 930 849 XXIII.

394 887 435 919 C.
458 886 656 919 PLINIUS
683 885 904 918 POMPEIO
930 884 1146 918 FALCONI
1173 885 1267 919 SUO
1294 884 1334 919 S.
1390 863 1394 867 -

249 954 466 1010 Consulis,
499 969 554 996 an
579 953 820 996 existimem
853 955 896 995 te
922 953 966 995 in
992 952 1221 996 tribunatu
1242 967 1395 997 causas
1427 966 1558 1012 agere

171 1016 333 1059 debere.
395 1015 637 1058 Plurimum
668 1014 815 1068 refert,
849 1013 954 1070 quid
986 1029 1078 1056 esse
1109 1013 1383 1058 tribunatum
1415 1016 1556 1071 putes,

171 1077 339 1119 inanem
374 1076 572 1118 umbram
605 1078 647 1118 et
679 1076 771 1117 sine
802 1075 966 1117 honore
997 1089 1158 1118 nomen
1195 1090 1252 1118 an
1290 1077 1555 1132 potestatem

172 1140 505 1191 sacrosanctam,
538 1139 580 1178 et
612 1151 741 1192 quam
775 1136 820 1178 in
846 1135 1039 1179 ordinem
1066 1135 1165 1194 cogi
1196 1138 1248 1179 ut
1270 1151 1307 1180 a
1336 1137 1462 1180 nullo
1492 1136 1557 1180 ita

171 1213 224 1240 ne
266 1213 290 1240 a
330 1212 375 1240 se
419 1197 592 1253 quidem
637 1197 796 1239 deceat.
869 1195 967 1252 Ipse
1011 1211 1111 1240 cum
1154 1197 1359 1241 tribunus
1401 1212 1556 1255 essem,

172 1259 400 1301 erraverim
439 1259 640 1312 fortasse,
679 1257 754 1313 qui
792 1272 860 1300 me
898 1272 990 1300 esse
1035 1258 1200 1314 ahquid
1247 1259 1419 1316 putavi,
1466 1258 1555 1316 sed,

172 1322 392 1375 tamquam
419 1333 575 1373 essem,
600 1318 790 1361 abstinui
810 1319 949 1361 causis
976 1318 1173 1376 agendis:
1199 1320 1412 1377 primum,
1437 1320 1556 1377 quod

173 1379 361 1422 deforme
387 1378 642 1434 arbitrabar,
675 1379 746 1422 cui
777 1378 1024 1437 adsurgere,
1058 1380 1128 1423 cui
1160 1381 1259 1424 loco
1285 1381 1437 1425 cedere
1462 1396 1557 1426 om-

173 1441 239 1481 nis
273 1443 503 1495 oporteret,
533 1440 650 1483 hunc
682 1439 885 1483 omnibus
919 1440 1167 1484 sedentibus
1209 1445 1343 1499 stare,
1378 1445 1442 1500 et,
1478 1443 1555 1500 qm'

175 1500 318 1542 iubere
374 1503 520 1556 posset
574 1503 716 1543 tacere
773 1515 1107 1558 quemcumque,
1169 1502 1274 1547 huic
1330 1503 1557 1548 silentium

175 1560 399 1616 clepsydra
430 1561 578 1616 indici,
610 1564 672 1615 et,
710 1576 836 1617 quem
877 1562 1073 1605 interfari
1113 1563 1236 1607 nefas
1268 1568 1402 1622 esset,
1437 1564 1558 1609 huno

175 1621 302 1663 etiam
337 1622 531 1664 convicia
562 1622 708 1664 audire
741 1626 801 1678 et,
834 1624 870 1664 si
908 1624 1048 1666 inulta
1078 1627 1320 1682 pateretur,
1358 1625 1558 1683 inertem,

175 1681 210 1723 si
256 1682 551 1736 ulcisceretur,
596 1683 851 1725 insolentem
895 1684 1044 1727 videri.
1116 1685 1226 1729 Erat
1268 1686 1342 1731 hic
1380 1701 1558 1744 quoque

174 1745 317 1784 aestus
351 1745 449 1784 ante
482 1743 650 1798 oculos,
683 1744 718 1785 si
750 1744 861 1786 forte
887 1760 956 1787 me
982 1746 1245 1802 appellasset
1276 1748 1348 1792 vel
1365 1748 1458 1805 ille,
1483 1748 1557 1793 cui

174 1802 384 1858 adessem,
405 1803 474 1844 vel
493 1803 582 1858 ille,
610 1817 736 1858 quem
763 1808 928 1861 contra,
950 1806 1261 1851 intercederem
1282 1811 1326 1852 et
1343 1808 1558 1853 auxilium

173 1863 329 1905 ferrem
362 1878 417 1905 an
456 1864 717 1918 quiescerem
751 1866 1006 1922 sileremque
1040 1871 1082 1910 et
1114 1870 1239 1924 quasi
1270 1871 1439 1914 eiurato
1471 1885 1559 1914 ma-

174 1923 358 1980 gistratu
404 1924 621 1979 privatum
666 1925 758 1980 ipse
803 1941 871 1968 me
914 1927 1110 1972 facerem.
1186 1929 1268 1973 His
1312 1931 1558 1976 rationibus

174 1987 318 2026 motus
366 1984 500 2026 malui
544 1999 611 2027 me
655 1985 879 2028 tribunum
925 1988 1125 2033 omnibus
1170 1991 1376 2036 exhibere
1425 2006 1558 2050 quam

173 2044 323 2100 paucis
354 2044 624 2087 advocatum.
689 2044 774 2088 Sed
811 2050 859 2089 tu
901 2046 1078 2105 (iterum
1118 2050 1277 2110 dicam)
1318 2053 1559 2110 plurimum

173 2106 354 2147 interest
386 2105 488 2160 quid
528 2120 619 2148 esse
658 2106 924 2150 tribunatum
966 2114 1113 2166 putes,
1155 2127 1285 2168 quam
1327 2129 1559 2171 personam

172 2165 253 2208 tibi
292 2165 511 2221 imponas3
553 2180 662 2220 quae
707 2168 890 2222 sapienti
929 2170 1022 2212 viro
1061 2172 1122 2214 ita
1159 2175 1351 2230 aptanda
1386 2177 1471 2233 est,
1508 2178 1560 2220 ut

171 2226 424 2282 perferatur.
488 2225 609 2269 Vale.

271 2337 290 2368 7
313 2333 509 2379 scripseris
530 2332 742 2369 confusioni
763 2334 800 2370 R
813 2335 861 2379 F,
891 2336 982 2372 Otto.
1078 2343 1120 2374 17
1143 2342 1209 2386 qui
1229 2354 1290 2379 me
1310 2354 1393 2380 esse
1412 2342 1562 2390 aliquid

173 2381 354 2427 (aliquem
381 2383 418 2427 a)
451 2382 544 2426 Ra,
570 2382 643 2437 'qui
674 2393 733 2417 me
768 2382 914 2427 aliquid
948 2386 988 2420 F
993 2398 1022 2431 p
1037 2396 1075 2432 ς,
1109 2390 1258 2436 aliquid
1291 2395 1373 2438 (om.
1401 2392 1469 2440 qui
1498 2403 1560 2429 me

118 2477 126 2485 ⁶
173 2432 269 2476 esse)
297 2431 395 2467 MV.
496 2434 541 2466 23
567 2430 693 2466 multa
722 2432 808 2475 Ra,
835 2433 957 2468 multa
983 2436 1060 2473 rell.

1579 828 1615 856 1⁰

1580 1157 1616 1186 1⁵
