1656 2684
538 150 893 188 EPISTULARUM
919 151 936 186 1
962 154 1093 187 8—10.
1463 154 1515 197 11

784 266 854 306 IX.

344 342 611 377 &PLINIUS
637 341 837 376 MINICIO
863 341 1104 376 FUNDANO
1133 341 1228 376 SUO
1257 341 1294 375 S.

213 398 379 444 Mirum
412 402 496 455 est,
530 414 663 456 quam
695 398 883 456 singulis
915 397 1069 441 diebus
1095 398 1143 441 in
1168 397 1276 441 urbe
1302 397 1416 440 ratio
1443 400 1521 440 aut
1549 409 1566 440 1

117 463 290 506 constet
319 463 398 505 aut
429 463 631 504 constare
662 460 875 514 videatur,
913 459 1116 516 pluribus
1148 459 1397 516 iunctisque
1428 474 1520 502 non

0 534 3 536 ·
74 526 94 566 's
117 524 303 568 constet.
343 521 476 578 Nam,
507 521 546 565 si
567 535 697 578 quem
718 521 982 578 interroges:
1016 519 1181 564 eHodie
1202 520 1309 578 quid
1329 519 1519 578 egisti?'‚
1547 530 1567 562 2

115 583 398 642 respondeat:
431 581 613 627 ‘Officio
638 585 770 640 togae
796 582 937 625 virilis
964 581 1157 638 interfui,
1194 581 1418 639 sponsalia
1443 585 1521 624 aut

115 644 296 703 nuptias
321 644 611 702 frequentavi,
636 644 711 687 ille
737 659 807 687 me
833 643 889 686 ad
909 643 1174 700 signandum
1194 645 1521 698 testamentum,

117 706 194 750 ille
224 707 273 750 in
303 705 651 761 advocationem,
684 705 759 748 ille
791 705 838 748 in
870 705 1105 747 consilium
1136 704 1340 762 rogavit?
1397 703 1519 748 Haec
1547 713 1568 746 3

117 781 208 825 quo
233 767 304 812 die
328 766 503 823 feceris,
533 766 796 822 necessaria,
828 765 999 821 eadem,
1038 766 1075 809 si
1096 766 1258 809 cotidie
1289 765 1445 810 fecisse
1476 768 1520 808 te

55 842 94 870 ιο
116 831 312 886 reputes,
353 827 502 872 inania
532 827 748 883 videntur,
789 827 931 871 multo
969 827 1111 884 magis
1145 842 1245 870 cum
1279 827 1519 871 secesseris.

115 888 242 934 Tunc
273 889 392 934 enim
424 889 546 933 subit
576 888 843 933 recordatio:
882 887 1023 940 ‘Quot
1054 888 1146 932 dies
1180 903 1313 944 quam
1346 888 1519 946 frigidis

115 951 247 995 rebus
297 949 559 1008 absumpsi?
631 949 759 1002 Quod
810 950 957 993 evenit
1006 950 1136 1006 mihi,
1187 952 1424 1006 postquam
1475 950 1522 992 in
1549 961 1570 992 4

116 1011 386 1056 Laurentino
419 1026 517 1056 meo
550 1013 627 1055 aut
657 1012 759 1070 lego
792 1011 961 1068 aliquid
993 1014 1069 1054 aut
1100 1011 1245 1055 scribo
1278 1014 1355 1054 aut
1387 1011 1521 1054 etiam

117 1073 293 1131 corpori
324 1087 452 1126 vaco,
491 1073 616 1116 cuius
655 1072 834 1116 fulturis
867 1072 1042 1115 animus
1075 1072 1328 1116 sustinetur.
1393 1071 1522 1116 Nihil
1549 1083 1570 1115 5

57 1148 92 1176 ιι
116 1133 267 1191 audio,
299 1134 419 1192 quod
440 1134 633 1190 audisse,
663 1134 777 1177 nihil
803 1134 921 1187 dico,
955 1133 1072 1190 quod
1100 1134 1261 1177 dixisse
1281 1134 1521 1191 paeniteat3

114 1210 246 1240 nemo
283 1195 400 1253 apud
432 1211 502 1239 me
536 1209 801 1252 quemquam
835 1195 1024 1238 sinistris
1058 1195 1334 1239 sermonibus
1367 1194 1522 1252 carpit,

114 1257 336 1302 neminem
368 1257 463 1314 ipse
493 1257 784 1314 reprehendo,
815 1257 903 1300 nisi
934 1259 1084 1300 tamen
1116 1272 1203 1312 me,
1236 1271 1336 1299 cum
1364 1271 1519 1313 parum

117 1318 347 1363 commode
391 1318 556 1374 scrib03
605 1319 729 1361 nulla
773 1333 868 1375 spe,
921 1318 1045 1361 nullo
1087 1318 1247 1361 timore
1293 1317 1520 1373 sollicitor,

115 1379 251 1424 nullis
301 1379 553 1423 rumoribus
604 1379 845 1436 inquietor:
897 1394 1068 1422 mecum
1111 1381 1285 1422 tantum
1331 1382 1374 1422 et
1419 1393 1518 1422 cum

54 1453 92 1482 ιο
115 1439 279 1484 libellis
311 1440 481 1497 loquor.
546 1439 583 1484 O
615 1444 782 1485 rectam
816 1440 1117 1496 sinceramque
1150 1441 1306 1495 vitam,
1339 1454 1364 1483 ο
1393 1440 1519 1483 dulce
1547 1450 1569 1482 6

117 1502 257 1546 otium
288 1501 613 1559 honestumque
652 1517 703 1546 ac
735 1517 874 1559 paene
907 1501 1028 1545 omni
1060 1502 1239 1559 negotio
1272 1501 1520 1558 pulchrius!

116 1561 154 1608 Ο
187 1578 326 1620 mare,
364 1578 391 1607 o
422 1563 548 1619 litus,
587 1579 740 1606 verum
774 1565 1079 1619 secretumque
1112 1569 1353 1618 μουσεῖον,
1386 1578 1518 1619 quam

117 1624 257 1668 multa
288 1625 515 1680 invenitis,
547 1639 679 1681 quam
712 1625 852 1668 multa
885 1623 1082 1667 dictatis!
1122 1623 1311 1667 Proinde
1336 1627 1387 1667 tu
1414 1639 1520 1681 quo·
1549 1633 1567 1665 7

118 1700 204 1743 que
236 1685 470 1743 strepitum
509 1686 643 1729 istum
678 1687 941 1740 inanemque
973 1685 1220 1729 discursum
1254 1688 1297 1728 et
1329 1686 1519 1733 multum

56 1759 92 1787 ιο
117 1746 291 1804 ineptos
334 1747 526 1802 labores,
572 1750 622 1790 ut
675 1746 866 1803 primum
906 1746 1040 1790 fuerit
1081 1747 1274 1803 occasio,
1318 1747 1519 1803 relinque

115 1810 247 1864 teque
279 1808 436 1851 studiis
470 1808 540 1850 vel
573 1808 664 1851 otio
698 1807 833 1851 trade.
898 1806 1046 1851 Satius
1080 1810 1146 1851 est
1178 1808 1315 1864 enim,
1347 1811 1397 1851 ut
1424 1809 1518 1851 Ati·
1546 1817 1567 1849 8

115 1868 202 1912 lius
252 1872 403 1912 noster
453 1868 746 1912 eruditissime
800 1868 934 1912 simul
983 1872 1028 1912 et
1078 1869 1343 1913 facetissime
1395 1869 1519 1924 dixit,

117 1929 309 1974 otiosum
342 1944 436 1973 esse
469 1944 599 1986 quam
632 1930 746 1973 nihil
777 1945 916 1988 agere.
964 1929 1085 1974 Vale.

793 2043 840 2083 X.

55 2125 92 2153 ⁸0
363 2118 405 2151 C.
428 2118 628 2152 PLINIUS
656 2119 807 2152 A'r'rlo
836 2119 1092 2152 CLEMENTI
1121 2119 1215 2152 SUO
1245 2119 1281 2151 S.

215 2172 263 2217 Si
306 2174 481 2230 quando
524 2174 627 2218 urbs
668 2178 821 2218 nostra
861 2175 1115 2218 liberalibus
1159 2175 1315 2218 studiis
1354 2174 1517 2228 floruit,
1548 2186 1563 2216 1

117 2249 235 2278 nunc
279 2236 468 2279 maxime
514 2235 653 2279 floret.
716 2235 859 2279 Multa
903 2237 1107 2292 claraque
1152 2236 1353 2292 exempla
1398 2239 1517 2291 sunt3
1545 2249 1565 2280 2

215 2334 237 2367 2
263 2330 422 2367 Minicio
452 2332 625 2368 Momm.
652 2332 745 2376 ind,
772 2331 936 2368 Minutio
963 2333 1019 2368 vel
1046 2332 1215 2367 Minucio
1242 2331 1349 2367 codd.
1376 2336 1411 2367 et
1435 2331 1515 2367 edd.

117 2382 141 2415 4
166 2378 218 2426 pl.
245 2379 464 2426 iunctisque
492 2381 635 2424 RFa,
670 2381 721 2417 K
749 2382 799 2417 ΙΙ
828 2381 942 2425 (disp
971 2382 993 2417 1
1018 2384 1095 2426 22),
1124 2381 1270 2423 Maeell„
1299 2381 1432 2424 Merra,
1463 2380 1514 2426 pl.

117 2428 342 2475 motisque
363 2429 403 2466 D
412 2441 491 2475 pr
518 2429 570 2475 pl.
592 2431 807 2476 cunctaque
836 2431 883 2466 M
899 2431 940 2474 V,
967 2430 1017 2466 Κ
1040 2431 1075 2474 1,
1094 2429 1145 2476 pl.
1168 2428 1381 2478 (vacillet)
1403 2440 1516 2465 cunc-

118 2477 262 2524 toque.
255 2477 275 2504 9
290 2478 483 2523 Hofacker
500 2491 572 2525 p.)
552 2482 613 2523 12,
633 2479 719 2515 thes.
743 2484 775 2514 4.
870 2482 913 2514 16
935 2490 994 2515 me
1016 2478 1118 2525 apud
1138 2491 1200 2524 qu.
1226 2479 1261 2515 R
1279 2479 1316 2514 l·
1325 2490 1368 2522 a,
1397 2479 1514 2515 Mem».
