1716 2742
223 122 314 167 332
836 119 876 157 C.
904 120 1040 156 PLINI

222 231 497 292 tab’arisque,
529 237 580 278 ut
607 234 840 291 auderent,
873 238 917 278 et
944 235 1169 279 audebant
1194 234 1322 295 iam),
1350 251 1453 280 cum
1480 238 1650 294 specta-

221 301 294 343 tor
326 298 670 355 moderatorque
710 297 964 341 ineuntium
1005 298 1249 342 certamina
1286 299 1488 343 virorum
1527 314 1651 343 arma

223 374 531 418 componeres,
558 360 648 404 tela
662 362 905 418 temptares
933 376 1002 418 ac,
1031 360 1068 405 si
1089 359 1210 418 quod
1232 361 1385 406 durius
1413 360 1651 420 accipienti

101 460 105 466 .
172 437 193 470 3
222 424 466 480 videretur,
517 422 612 481 ipse
654 423 865 467 vibrares.
932 422 1050 476 Quid
1093 438 1195 468 cum
1246 424 1465 469 solacium
1507 424 1650 482 fessis,

221 486 366 544 aegris
395 501 527 544 opem
555 485 723 530 ferres?
781 485 888 530 Non
914 486 998 530 tibi
1025 486 1163 530 moris
1192 488 1272 531 tua
1300 487 1414 532 inire
1442 487 1649 545 tentoria,
1683 503 1700 530 5

219 549 308 593 nisi
334 548 692 593 commilitonum
720 551 822 593 ante
848 550 1103 607 lustrasses,
1137 564 1219 594 nec
1245 550 1446 607 requiem
1472 550 1651 608 corpori

170 625 193 657 4
220 611 309 656 nisi
341 614 446 670 post
486 627 640 656 omnes
681 612 796 656 dare.
861 611 961 656 Hac
1000 612 1112 656 mihi
1152 612 1448 657 admiratione
1487 613 1649 673 dignus

221 675 466 732 imperator
498 676 573 719 vix
604 674 852 733 videretur,
885 675 923 720 si
949 675 1068 719 inter
1093 674 1324 720 Fabricios
1351 678 1397 720 et
1417 673 1650 734 Scipiones

220 740 264 781 et
298 736 510 783 Camillos
553 737 656 782 talis
704 740 842 795 esset3
889 740 998 783 tunc
1041 739 1162 782 enim
1208 738 1339 783 illum
1384 738 1649 784 imitationis

170 814 192 846 5
220 801 353 845 ardor
386 816 649 859 semperque
683 801 843 846 melior
875 800 1038 859 aliquis
1072 801 1343 846 accenderet.
1403 801 1650 860 Postquam
1678 816 1714 844 10

220 879 325 908 vero
354 863 552 908 studium
580 879 807 908 armorum
835 880 860 908 a
886 865 1093 909 manibus
1122 864 1178 908 ad
1205 865 1381 922 oculos,
1410 865 1466 909 ad
1493 865 1651 923 volup-

219 929 359 971 tatem
393 943 419 971 a
450 927 604 971 labore
637 928 907 972 translatum
935 930 1022 985 est,
1053 930 1295 985 postquam
1323 927 1651 973 exercitationi-

220 989 304 1034 bus
331 989 498 1035 nostris
525 1005 618 1034 non
644 992 959 1035 veteranorum
986 990 1168 1048 aliquis,
1203 991 1277 1036 cui
1303 990 1438 1036 decus
1465 990 1650 1035 muralis

220 1055 297 1097 aut
318 1052 471 1111 civica,
493 1053 568 1097 sed
586 1052 827 1098 Graeculus
849 1053 1064 1113 magister
1079 1053 1268 1111 adsistit,
1287 1069 1423 1111 quam
1437 1068 1651 1113 magnum

220 1118 288 1160 est
319 1131 460 1160 unum
494 1131 549 1160 ex
582 1116 788 1161 omnibus
822 1117 970 1175 patrio
1004 1131 1146 1174 more,
1186 1116 1333 1175 patria
1364 1117 1530 1161 virtute
1562 1118 1651 1162 lae—
1679 1130 1713 1159 15

219 1178 305 1222 tari
333 1181 377 1223 et
402 1179 498 1223 sine
525 1180 722 1237 aemulo,
749 1180 844 1224 sine
872 1180 1078 1238 exemplo
1106 1194 1258 1224 secum
1285 1182 1473 1238 certare,
1499 1195 1651 1225 secum

219 1241 488 1286 contendere
529 1257 598 1300 ac,
639 1242 755 1287 sicut
794 1242 1012 1301 imperare
1053 1243 1220 1300 solum,
1258 1242 1322 1288 ita
1362 1243 1510 1287 solum
1543 1258 1650 1301 esse,

221 1305 299 1362 qui
332 1305 491 1349 debeat
523 1305 760 1363 imperare!
1596 1355 1599 1358 ,

144 1365 204 1414 14
313 1367 419 1412 Non
462 1368 735 1413 incunabula
775 1369 886 1413 haec
929 1368 1031 1426 tibi,
1078 1367 1257 1426 Caesar,
1299 1371 1344 1413 et
1385 1367 1652 1427 rudimenta,

219 1446 322 1475 cum
355 1447 467 1489 puer
499 1431 740 1476 admodum
774 1430 985 1476 Parthica
1022 1432 1149 1476 lauro
1184 1431 1375 1491 gloriam
1401 1431 1542 1490 patris
1576 1447 1651 1476 au·
1677 1446 1714 1474 πο

220 1509 345 1552 geres
379 1509 634 1552 nomenque
663 1493 917 1539 Germanici
943 1495 1033 1539 iam
1061 1497 1158 1539 tum
1185 1510 1420 1553 mererere,
1454 1509 1557 1540 cum
1590 1495 1651 1539 fe-

218 1557 388 1602 rociam
435 1557 780 1616 superbiamque
814 1556 1086 1602 Parthorum
1126 1573 1182 1602 ex
1222 1558 1430 1616 proximo
1471 1557 1650 1602 auditus

219 1635 385 1679 magno
414 1622 584 1665 terrore
612 1619 843 1666 cohiberes
871 1620 1171 1678 Rhenumque
1199 1623 1244 1665 et
1269 1620 1548 1679 Euphratem
1577 1621 1651 1665 ad·

220 1683 471 1727 mirationis
504 1686 609 1728 tuae
643 1683 856 1728 societate
883 1683 1210 1743 coniungeres?
1243 1699 1346 1729 cum
1379 1684 1533 1729 orbem
1564 1686 1651 1729 ter-

218 1762 368 1791 rarum
407 1762 500 1791 non
543 1746 732 1804 pedibus
776 1747 920 1806 magis
958 1762 1093 1804 quam
1138 1747 1347 1792 laudibus
1389 1762 1651 1806 paragra-res
1678 1760 1714 1788 25

220 1809 338 1867 apud
372 1825 448 1854 eos
482 1824 660 1868 semper
692 1809 835 1854 maior
868 1813 913 1854 et
946 1810 1127 1868 clarior,
1161 1810 1325 1867 quibus
1358 1812 1516 1868 postea
1547 1825 1651 1855 con-

171 1885 191 1916 2
219 1872 429 1931 tigisses?
469 1871 531 1916 Et
556 1872 746 1917 necdum
780 1872 1045 1931 imperator,
1072 1873 1264 1918 necdum
1293 1872 1365 1918 dei
1390 1873 1512 1918 filius
1541 1887 1650 1918 eras.

221 1933 504 1980 Germaniam
518 1935 881 1993 Hispaniamque
902 1951 1004 1980 cum
1019 1936 1241 1994 plurimae
1261 1938 1417 1995 gentes
1439 1950 1491 1980 ac
1510 1951 1650 1994 prope

219 1998 397 2042 infinita
422 1999 608 2043 vastitas
635 1998 939 2044 interiacentis
966 1999 1053 2043 soli
1078 2001 1175 2043 tum
1202 1998 1478 2057 Pyrenaeus,
1510 1998 1650 2057 Alpes

219 2061 516 2120 immensique
542 2061 620 2106 alii
646 2065 840 2120 montes,
868 2061 955 2107 nisi
981 2061 1052 2107 his
1081 2065 1416 2120 comparentur,
1442 2061 1651 2107 muniunt
1678 2076 1715 2104 80

322 2215 341 2247 1
364 2212 563 2258 spectator
583 2211 886 2258 moderatorque
911 2220 944 2258 ς,
973 2212 1251 2259 spectatorque
1271 2212 1404 2257 B‘M,
1431 2223 1488 2258 sp.
1510 2210 1650 2247 lauda-

219 2261 358 2308 torque
387 2263 434 2308 (v.
457 2262 773 2309 exhortatorque)
802 2262 902 2300 διιεῖ.
1025 2265 1048 2299 8
1073 2262 1140 2300 vix
1166 2262 1255 2300 add.
1278 2262 1430 2308 Μυκη,
1457 2273 1536 2298 non
1562 2261 1650 2299 dett.

220 2312 340 2358 codd„
363 2312 416 2349 K.
432 2313 467 2358 1,
487 2323 560 2350 nec
580 2312 679 2348 mihi
707 2312 809 2348 adm.
832 2313 885 2349 K.
900 2313 960 2358 II,
979 2312 1080 2349 haut
1098 2325 1149 2349 m.
1172 2313 1275 2349 adm.
1290 2312 1444 2358 Baehr„
1460 2311 1650 2362 (minus)

221 2361 364 2409 dignus
386 2363 578 2409 Momms„
605 2363 767 2408 Burkh„
794 2363 870 2399 hac
890 2363 991 2399 mihi
1015 2362 1117 2399 adm.
1142 2363 1178 2400 d.
1199 2363 1294 2410 imp.
1315 2362 1406 2408 vicl„
1435 2362 1468 2399 si
1490 2391 1649 2400 .......

221 2413 347 2449 esset?
375 2412 556 2459 Schnelle‚
579 2413 666 2451 hac.
682 2425 732 2450 m.
750 2413 851 2450 adm.
868 2413 1118 2463 <in>dignus
1138 2413 1254 2459 Sust„
1275 2412 1324 2459 cf.
1339 2413 1478 2450 Novak
1498 2412 1649 2460 Zfdc'G.

221 2461 354 2499 XLII
377 2465 510 2510 (1891)
533 2476 574 2511 p.
596 2466 709 2501 1068.
839 2467 884 2500 22
913 2463 1171 2500 barbarorum
1193 2475 1267 2511 pro
1294 2462 1425 2500 Parth.
1448 2462 1650 2510 Schwarz„

222 2512 272 2548 K.
289 2513 322 2548 1.
426 2517 472 2550 28
501 2514 734 2560 Hispaniam
762 2515 851 2551 add.
875 2515 926 2551 K.
