<?xml version="1.0" encoding="UTF-8"?>
<!DOCTYPE html PUBLIC "-//W3C//DTD XHTML 1.0 Transitional//EN"
    "http://www.w3.org/TR/xhtml1/DTD/xhtml1-transitional.dtd">
<html xmlns="http://www.w3.org/1999/xhtml" xml:lang="en" lang="en">
 <head>
  <title>
</title>
<meta http-equiv="Content-Type" content="text/html;charset=utf-8" />
  <meta name='ocr-system' content='tesseract 3.04.00' />
  <meta name='ocr-capabilities' content='ocr_page ocr_carea ocr_par ocr_line ocrx_word'/>
</head>
<body>
  <div class='ocr_page' id='page_1' title='image "./epistularumlibr00plin_0226.png"; bbox 0 0 1716 2742; ppageno 0'>
   <div class='ocr_carea' id='block_1_1' title="bbox 179 146 990 211">
    <p class='ocr_par' dir='ltr' id='par_1_1' title="bbox 179 146 990 211">
     <span class='ocr_line' id='line_1_1' title="bbox 179 146 990 211; baseline -0.018 -14"><span class='ocrx_word' id='word_1_1' title='bbox 179 152 272 198; x_wconf 80' lang='grc'><strong>210</strong></span> <span class='ocrx_word' id='word_1_2' title='bbox 792 146 831 185; x_wconf 88' lang='lat' dir='ltr'>C.</span> <span class='ocrx_word' id='word_1_3' title='bbox 852 146 990 211; x_wconf 76' lang='lat' dir='ltr'>PLINI</span> 
     </span>
    </p>
   </div>
   <div class='ocr_carea' id='block_1_2' title="bbox 176 261 1610 759">
    <p class='ocr_par' dir='ltr' id='par_1_2' title="bbox 176 261 1610 759">
     <span class='ocr_line' id='line_1_2' title="bbox 178 261 1610 324; baseline -0.003 -14"><span class='ocrx_word' id='word_1_4' title='bbox 178 264 503 324; x_wconf 87' lang='lat' dir='ltr'>repraesentari</span> <span class='ocrx_word' id='word_1_5' title='bbox 541 263 667 306; x_wconf 92' lang='lat' dir='ltr'>nulla</span> <span class='ocrx_word' id='word_1_6' title='bbox 707 262 894 306; x_wconf 91' lang='lat' dir='ltr'>materia</span> <span class='ocrx_word' id='word_1_7' title='bbox 933 262 1097 319; x_wconf 86' lang='lat' dir='ltr'>possit,</span> <span class='ocrx_word' id='word_1_8' title='bbox 1145 276 1280 318; x_wconf 88' lang='lat' dir='ltr'>quam</span> <span class='ocrx_word' id='word_1_9' title='bbox 1315 262 1353 306; x_wconf 89' lang='lat' dir='ltr'>si</span> <span class='ocrx_word' id='word_1_10' title='bbox 1386 261 1610 306; x_wconf 87' lang='lat' dir='ltr'>abstinen-</span> 
     </span>
     <span class='ocr_line' id='line_1_3' title="bbox 178 323 1608 383; baseline -0.003 -11"><span class='ocrx_word' id='word_1_11' title='bbox 178 328 339 373; x_wconf 78' lang='lat' dir='ltr'>tissimi</span> <span class='ocrx_word' id='word_1_12' title='bbox 367 325 706 382; x_wconf 89' lang='lat' dir='ltr'>fidelissimique</span> <span class='ocrx_word' id='word_1_13' title='bbox 733 324 932 369; x_wconf 88' lang='lat' dir='ltr'>custodis</span> <span class='ocrx_word' id='word_1_14' title='bbox 959 323 1279 381; x_wconf 78' lang='lat' dir='ltr'>principalium</span> <span class='ocrx_word' id='word_1_15' title='bbox 1307 339 1445 383; x_wconf 90' lang='lat' dir='ltr'>opum</span> <span class='ocrx_word' id='word_1_16' title='bbox 1470 324 1608 369; x_wconf 88' lang='lat' dir='ltr'>facul-</span> 
     </span>
     <span class='ocr_line' id='line_1_4' title="bbox 178 386 1608 445; baseline -0.003 -9"><span class='ocrx_word' id='word_1_17' title='bbox 178 393 292 435; x_wconf 89' lang='lat' dir='ltr'>tates</span> <span class='ocrx_word' id='word_1_18' title='bbox 327 389 535 434; x_wconf 90' lang='lat' dir='ltr'>adiuvare</span> <span class='ocrx_word' id='word_1_19' title='bbox 574 386 866 445; x_wconf 64' lang='lat' dir='ltr'>contigisset?</span> <span class='ocrx_word' id='word_1_20' title='bbox 931 386 1032 430; x_wconf 91' lang='lat' dir='ltr'>Hoc</span> <span class='ocrx_word' id='word_1_21' title='bbox 1070 388 1180 431; x_wconf 93' lang='lat' dir='ltr'>tunc</span> <span class='ocrx_word' id='word_1_22' title='bbox 1218 389 1376 432; x_wconf 92' lang='lat' dir='ltr'>votum</span> <span class='ocrx_word' id='word_1_23' title='bbox 1415 389 1608 444; x_wconf 85' lang='lat' dir='ltr'>senatus,</span> 
     </span>
     <span class='ocr_line' id='line_1_5' title="bbox 177 449 1608 510; baseline -0.003 -12"><span class='ocrx_word' id='word_1_24' title='bbox 177 454 264 498; x_wconf 91' lang='lat' dir='ltr'>hoc</span> <span class='ocrx_word' id='word_1_25' title='bbox 315 451 606 510; x_wconf 88' lang='lat' dir='ltr'>praecipuum</span> <span class='ocrx_word' id='word_1_26' title='bbox 659 449 874 508; x_wconf 89' lang='lat' dir='ltr'>gaudium</span> <span class='ocrx_word' id='word_1_27' title='bbox 926 449 1104 507; x_wconf 89' lang='lat' dir='ltr'>populi,</span> <span class='ocrx_word' id='word_1_28' title='bbox 1156 449 1267 494; x_wconf 89' lang='lat' dir='ltr'>haec</span> <span class='ocrx_word' id='word_1_29' title='bbox 1324 450 1608 494; x_wconf 75' lang='lat' dir='ltr'>liberalitatis</span> 
     </span>
     <span class='ocr_line' id='line_1_6' title="bbox 178 511 1609 572; baseline -0.003 -12"><span class='ocrx_word' id='word_1_30' title='bbox 178 516 363 560; x_wconf 88' lang='lat' dir='ltr'>materia</span> <span class='ocrx_word' id='word_1_31' title='bbox 415 512 687 572; x_wconf 87' lang='lat' dir='ltr'>gratissima,</span> <span class='ocrx_word' id='word_1_32' title='bbox 741 512 779 556; x_wconf 90' lang='lat' dir='ltr'>si</span> <span class='ocrx_word' id='word_1_33' title='bbox 831 511 1049 556; x_wconf 92' lang='lat' dir='ltr'>Pallantis</span> <span class='ocrx_word' id='word_1_34' title='bbox 1101 511 1339 557; x_wconf 83' lang='lat' dir='ltr'>facultates</span> <span class='ocrx_word' id='word_1_35' title='bbox 1398 512 1609 556; x_wconf 89' lang='lat' dir='ltr'>adiuvare</span> 
     </span>
     <span class='ocr_line' id='line_1_7' title="bbox 176 573 1610 636; baseline -0.002 -14"><span class='ocrx_word' id='word_1_36' title='bbox 176 578 457 636; x_wconf 89' lang='lat' dir='ltr'>publicarum</span> <span class='ocrx_word' id='word_1_37' title='bbox 490 589 627 633; x_wconf 90' lang='lat' dir='ltr'>opum</span> <span class='ocrx_word' id='word_1_38' title='bbox 660 574 889 633; x_wconf 82' lang='lat' dir='ltr'>egestione</span> <span class='ocrx_word' id='word_1_39' title='bbox 922 575 1216 633; x_wconf 90' lang='lat' dir='ltr'>contingeret.</span> <span class='ocrx_word' id='word_1_40' title='bbox 1279 573 1376 619; x_wconf 91' lang='lat' dir='ltr'>Iam</span> <span class='ocrx_word' id='word_1_41' title='bbox 1403 590 1518 632; x_wconf 92' lang='lat' dir='ltr'>quae</span> <span class='ocrx_word' id='word_1_42' title='bbox 1545 589 1610 619; x_wconf 89' lang='lat' dir='ltr'>se-</span> 
     </span>
     <span class='ocr_line' id='line_1_8' title="bbox 177 636 1610 694; baseline -0.003 -9"><span class='ocrx_word' id='word_1_43' title='bbox 177 639 369 686; x_wconf 77' lang='lat' dir='ltr'>cuntur?</span> <span class='ocrx_word' id='word_1_44' title='bbox 418 638 630 683; x_wconf 88' lang='lat' dir='ltr'>Voluisse</span> <span class='ocrx_word' id='word_1_45' title='bbox 663 637 844 694; x_wconf 91' lang='lat' dir='ltr'>quidem</span> <span class='ocrx_word' id='word_1_46' title='bbox 880 640 1085 682; x_wconf 87' lang='lat' dir='ltr'>senatum</span> <span class='ocrx_word' id='word_1_47' title='bbox 1119 652 1298 682; x_wconf 88' lang='lat' dir='ltr'>censere</span> <span class='ocrx_word' id='word_1_48' title='bbox 1331 636 1527 681; x_wconf 90' lang='lat' dir='ltr'>dandum</span> <span class='ocrx_word' id='word_1_49' title='bbox 1554 653 1610 681; x_wconf 86' lang='lat' dir='ltr'>ex</span> 
     </span>
     <span class='ocr_line' id='line_1_9' title="bbox 177 699 1609 759; baseline -0.003 -11"><span class='ocrx_word' id='word_1_50' title='bbox 177 702 344 748; x_wconf 89' lang='lat' dir='ltr'>aerario</span> <span class='ocrx_word' id='word_1_51' title='bbox 386 700 640 746; x_wconf 87' lang='lat' dir='ltr'>sestertium</span> <span class='ocrx_word' id='word_1_52' title='bbox 680 699 847 745; x_wconf 78' lang='lat' dir='ltr'>centies</span> <span class='ocrx_word' id='word_1_53' title='bbox 891 700 1188 759; x_wconf 85' lang='lat' dir='ltr'>quinquagies</span> <span class='ocrx_word' id='word_1_54' title='bbox 1232 703 1294 758; x_wconf 91' lang='lat' dir='ltr'>et,</span> <span class='ocrx_word' id='word_1_55' title='bbox 1339 702 1509 757; x_wconf 89' lang='lat' dir='ltr'>quanto</span> <span class='ocrx_word' id='word_1_56' title='bbox 1553 700 1609 744; x_wconf 86' lang='lat' dir='ltr'>ab</span> 
     </span>
    </p>
   </div>
   <div class='ocr_carea' id='block_1_3' title="bbox 103 762 1608 822">
    <p class='ocr_par' dir='ltr' id='par_1_3' title="bbox 103 762 1608 822">
     <span class='ocr_line' id='line_1_10' title="bbox 103 762 1608 822; baseline -0.003 -11"><span class='ocrx_word' id='word_1_57' title='bbox 103 768 105 771; x_wconf 80' lang='grc'><strong>’</strong></span> <span class='ocrx_word' id='word_1_58' title='bbox 177 767 270 811; x_wconf 84' lang='grc'><strong>61118</strong></span> <span class='ocrx_word' id='word_1_59' title='bbox 292 764 415 809; x_wconf 92' lang='lat' dir='ltr'>modi</span> <span class='ocrx_word' id='word_1_60' title='bbox 434 762 757 822; x_wconf 84' lang='lat' dir='ltr'>cupiditatibus</span> <span class='ocrx_word' id='word_1_61' title='bbox 783 762 999 807; x_wconf 85' lang='lat' dir='ltr'>remotior</span> <span class='ocrx_word' id='word_1_62' title='bbox 1019 762 1114 807; x_wconf 90' lang='lat' dir='ltr'>eius</span> <span class='ocrx_word' id='word_1_63' title='bbox 1136 762 1312 807; x_wconf 89' lang='lat' dir='ltr'>animus</span> <span class='ocrx_word' id='word_1_64' title='bbox 1333 765 1462 820; x_wconf 90' lang='lat' dir='ltr'>esset,</span> <span class='ocrx_word' id='word_1_65' title='bbox 1481 764 1608 807; x_wconf 88' lang='lat' dir='ltr'>tanto</span> 
     </span>
    </p>
   </div>
   <div class='ocr_carea' id='block_1_4' title="bbox 101 1281 146 1314">
    <p class='ocr_par' dir='ltr' id='par_1_4' title="bbox 101 1281 146 1314">
     <span class='ocr_line' id='line_1_11' title="bbox 101 1281 146 1314; baseline 0.022 -1"><span class='ocrx_word' id='word_1_66' title='bbox 101 1281 146 1314; x_wconf 90' lang='lat'>10</span> 
     </span>
    </p>
   </div>
   <div class='ocr_carea' id='block_1_5' title="bbox 101 1845 142 1877">
    <p class='ocr_par' dir='ltr' id='par_1_5' title="bbox 101 1845 142 1877">
     <span class='ocr_line' id='line_1_12' title="bbox 101 1845 142 1877; baseline 0 0"><span class='ocrx_word' id='word_1_67' title='bbox 101 1845 142 1877; x_wconf 90' lang='lat'>11</span> 
     </span>
    </p>
   </div>
   <div class='ocr_carea' id='block_1_6' title="bbox 102 2032 147 2064">
    <p class='ocr_par' dir='ltr' id='par_1_6' title="bbox 102 2032 147 2064">
     <span class='ocr_line' id='line_1_13' title="bbox 102 2032 147 2064; baseline 0 0"><span class='ocrx_word' id='word_1_68' title='bbox 102 2032 147 2064; x_wconf 84' lang='lat'>12</span> 
     </span>
    </p>
   </div>
   <div class='ocr_carea' id='block_1_7' title="bbox 173 825 1610 2205">
    <p class='ocr_par' dir='ltr' id='par_1_7' title="bbox 173 825 1610 2205">
     <span class='ocr_line' id='line_1_14' title="bbox 177 825 1610 887; baseline -0.003 -14"><span class='ocrx_word' id='word_1_69' title='bbox 177 827 421 887; x_wconf 87' lang='lat' dir='ltr'>impensius</span> <span class='ocrx_word' id='word_1_70' title='bbox 448 829 599 885; x_wconf 90' lang='lat' dir='ltr'>petere</span> <span class='ocrx_word' id='word_1_71' title='bbox 627 841 652 869; x_wconf 93' lang='lat' dir='ltr'>a</span> <span class='ocrx_word' id='word_1_72' title='bbox 672 825 854 883; x_wconf 89' lang='lat' dir='ltr'>publico</span> <span class='ocrx_word' id='word_1_73' title='bbox 882 828 1085 883; x_wconf 90' lang='lat' dir='ltr'>parente,</span> <span class='ocrx_word' id='word_1_74' title='bbox 1111 827 1163 869; x_wconf 92' lang='lat' dir='ltr'>ut</span> <span class='ocrx_word' id='word_1_75' title='bbox 1189 841 1291 870; x_wconf 88' lang='lat' dir='ltr'>eum</span> <span class='ocrx_word' id='word_1_76' title='bbox 1318 825 1610 883; x_wconf 90' lang='lat' dir='ltr'>compelleret</span> 
     </span>
     <span class='ocr_line' id='line_1_15' title="bbox 176 887 1609 946; baseline -0.003 -11"><span class='ocrx_word' id='word_1_77' title='bbox 176 892 230 935; x_wconf 87' lang='lat' dir='ltr'>ad</span> <span class='ocrx_word' id='word_1_78' title='bbox 258 890 503 936; x_wconf 89' lang='lat' dir='ltr'>cedendum</span> <span class='ocrx_word' id='word_1_79' title='bbox 531 889 717 933; x_wconf 89' lang='lat' dir='ltr'>senatui.</span> <span class='ocrx_word' id='word_1_80' title='bbox 782 887 833 932; x_wconf 93' lang='lat' dir='ltr'>Id</span> <span class='ocrx_word' id='word_1_81' title='bbox 859 903 966 932; x_wconf 91' lang='lat' dir='ltr'>vero</span> <span class='ocrx_word' id='word_1_82' title='bbox 994 888 1162 946; x_wconf 90' lang='lat' dir='ltr'>deerat,</span> <span class='ocrx_word' id='word_1_83' title='bbox 1189 890 1242 933; x_wconf 86' lang='lat' dir='ltr'>ut</span> <span class='ocrx_word' id='word_1_84' title='bbox 1268 903 1370 933; x_wconf 90' lang='lat' dir='ltr'>cum</span> <span class='ocrx_word' id='word_1_85' title='bbox 1405 887 1609 932; x_wconf 81' lang='lat' dir='ltr'>Pallante</span> 
     </span>
     <span class='ocr_line' id='line_1_16' title="bbox 175 951 1609 1011; baseline -0.003 -12"><span class='ocrx_word' id='word_1_86' title='bbox 175 953 442 999; x_wconf 90' lang='lat' dir='ltr'>auctoritate</span> <span class='ocrx_word' id='word_1_87' title='bbox 474 952 658 1010; x_wconf 91' lang='lat' dir='ltr'>publica</span> <span class='ocrx_word' id='word_1_88' title='bbox 697 954 923 1010; x_wconf 85' lang='lat' dir='ltr'>ageretur,</span> <span class='ocrx_word' id='word_1_89' title='bbox 962 951 1111 996; x_wconf 90' lang='lat' dir='ltr'>Pallas</span> <span class='ocrx_word' id='word_1_90' title='bbox 1150 953 1406 1011; x_wconf 82' lang='lat' dir='ltr'>rogaretur,</span> <span class='ocrx_word' id='word_1_91' title='bbox 1450 953 1503 994; x_wconf 91' lang='lat' dir='ltr'>ut</span> <span class='ocrx_word' id='word_1_92' title='bbox 1544 965 1609 995; x_wconf 90' lang='lat' dir='ltr'>se-</span> 
     </span>
     <span class='ocr_line' id='line_1_17' title="bbox 174 1012 1610 1072; baseline -0.003 -11"><span class='ocrx_word' id='word_1_93' title='bbox 174 1017 301 1061; x_wconf 91' lang='lat' dir='ltr'>natui</span> <span class='ocrx_word' id='word_1_94' title='bbox 334 1015 527 1072; x_wconf 91' lang='lat' dir='ltr'>cederet,</span> <span class='ocrx_word' id='word_1_95' title='bbox 559 1017 611 1059; x_wconf 92' lang='lat' dir='ltr'>ut</span> <span class='ocrx_word' id='word_1_96' title='bbox 643 1014 711 1058; x_wconf 91' lang='lat' dir='ltr'>illi</span> <span class='ocrx_word' id='word_1_97' title='bbox 743 1014 1089 1072; x_wconf 87' lang='lat' dir='ltr'>superbissimae</span> <span class='ocrx_word' id='word_1_98' title='bbox 1116 1013 1414 1059; x_wconf 83' lang='lat' dir='ltr'>abstinentiae</span> <span class='ocrx_word' id='word_1_99' title='bbox 1448 1012 1610 1058; x_wconf 85' lang='lat' dir='ltr'>Caesar</span> 
     </span>
     <span class='ocr_line' id='line_1_18' title="bbox 175 1076 1607 1138; baseline -0.003 -14"><span class='ocrx_word' id='word_1_100' title='bbox 175 1082 270 1138; x_wconf 87' lang='lat' dir='ltr'>ipse</span> <span class='ocrx_word' id='word_1_101' title='bbox 313 1081 549 1137; x_wconf 89' lang='lat' dir='ltr'>patronus,</span> <span class='ocrx_word' id='word_1_102' title='bbox 608 1077 704 1135; x_wconf 91' lang='lat' dir='ltr'>ipse</span> <span class='ocrx_word' id='word_1_103' title='bbox 759 1077 1002 1121; x_wconf 89' lang='lat' dir='ltr'>advocatus</span> <span class='ocrx_word' id='word_1_104' title='bbox 1055 1079 1189 1135; x_wconf 81' lang='lat' dir='ltr'>esset,</span> <span class='ocrx_word' id='word_1_105' title='bbox 1243 1092 1299 1121; x_wconf 92' lang='lat' dir='ltr'>ne</span> <span class='ocrx_word' id='word_1_106' title='bbox 1351 1076 1607 1121; x_wconf 88' lang='lat' dir='ltr'>sestertium</span> 
     </span>
     <span class='ocr_line' id='line_1_19' title="bbox 175 1138 1606 1199; baseline -0.003 -12"><span class='ocrx_word' id='word_1_107' title='bbox 175 1142 341 1188; x_wconf 91' lang='lat' dir='ltr'>centies</span> <span class='ocrx_word' id='word_1_108' title='bbox 389 1140 686 1199; x_wconf 87' lang='lat' dir='ltr'>quinquagies</span> <span class='ocrx_word' id='word_1_109' title='bbox 733 1143 973 1198; x_wconf 86' lang='lat' dir='ltr'>sperneret.</span> <span class='ocrx_word' id='word_1_110' title='bbox 1052 1138 1250 1198; x_wconf 86' lang='lat' dir='ltr'>Sprevit,</span> <span class='ocrx_word' id='word_1_111' title='bbox 1293 1138 1415 1196; x_wconf 91' lang='lat' dir='ltr'>quod</span> <span class='ocrx_word' id='word_1_112' title='bbox 1458 1139 1606 1183; x_wconf 91' lang='lat' dir='ltr'>solum</span> 
     </span>
     <span class='ocr_line' id='line_1_20' title="bbox 174 1202 1608 1263; baseline -0.003 -13"><span class='ocrx_word' id='word_1_113' title='bbox 174 1205 324 1263; x_wconf 89' lang='lat' dir='ltr'>potuit</span> <span class='ocrx_word' id='word_1_114' title='bbox 355 1203 494 1248; x_wconf 88' lang='lat' dir='ltr'>tantis</span> <span class='ocrx_word' id='word_1_115' title='bbox 529 1203 691 1261; x_wconf 87' lang='lat' dir='ltr'>opibus</span> <span class='ocrx_word' id='word_1_116' title='bbox 725 1202 905 1260; x_wconf 89' lang='lat' dir='ltr'>publice</span> <span class='ocrx_word' id='word_1_117' title='bbox 939 1202 1102 1247; x_wconf 88' lang='lat' dir='ltr'>oblatis</span> <span class='ocrx_word' id='word_1_118' title='bbox 1130 1202 1422 1261; x_wconf 87' lang='lat' dir='ltr'>adrogantius</span> <span class='ocrx_word' id='word_1_119' title='bbox 1449 1202 1608 1258; x_wconf 80' lang='lat' dir='ltr'>facere,</span> 
     </span>
     <span class='ocr_line' id='line_1_21' title="bbox 175 1264 1607 1325; baseline -0.003 -13"><span class='ocrx_word' id='word_1_120' title='bbox 175 1283 310 1325; x_wconf 91' lang='lat' dir='ltr'>quam</span> <span class='ocrx_word' id='word_1_121' title='bbox 344 1267 382 1311; x_wconf 86' lang='lat' dir='ltr'>si</span> <span class='ocrx_word' id='word_1_122' title='bbox 415 1267 672 1324; x_wconf 86' lang='lat' dir='ltr'>accepisset.</span> <span class='ocrx_word' id='word_1_123' title='bbox 739 1264 930 1310; x_wconf 84' lang='lat' dir='ltr'>Senatus</span> <span class='ocrx_word' id='word_1_124' title='bbox 963 1268 1117 1309; x_wconf 90' lang='lat' dir='ltr'>tamen</span> <span class='ocrx_word' id='word_1_125' title='bbox 1149 1265 1195 1309; x_wconf 92' lang='lat' dir='ltr'>id</span> <span class='ocrx_word' id='word_1_126' title='bbox 1229 1280 1410 1322; x_wconf 92' lang='lat' dir='ltr'>quoque</span> <span class='ocrx_word' id='word_1_127' title='bbox 1447 1264 1607 1309; x_wconf 88' lang='lat' dir='ltr'>similis</span> 
     </span>
     <span class='ocr_line' id='line_1_22' title="bbox 175 1327 1607 1388; baseline -0.003 -13"><span class='ocrx_word' id='word_1_128' title='bbox 175 1331 380 1388; x_wconf 89' lang='lat' dir='ltr'>querenti</span> <span class='ocrx_word' id='word_1_129' title='bbox 423 1329 633 1373; x_wconf 87' lang='lat' dir='ltr'>laudibus</span> <span class='ocrx_word' id='word_1_130' title='bbox 676 1328 783 1372; x_wconf 90' lang='lat' dir='ltr'>tulit</span> <span class='ocrx_word' id='word_1_131' title='bbox 823 1327 895 1372; x_wconf 85' lang='lat' dir='ltr'>his</span> <span class='ocrx_word' id='word_1_132' title='bbox 943 1328 1125 1385; x_wconf 88' lang='lat' dir='ltr'>quidem</span> <span class='ocrx_word' id='word_1_133' title='bbox 1171 1327 1338 1372; x_wconf 88' lang='lat' dir='ltr'>verbis:</span> <span class='ocrx_word' id='word_1_134' title='bbox 1385 1327 1462 1372; x_wconf 86' lang='lat' dir='ltr'>sed</span> <span class='ocrx_word' id='word_1_135' title='bbox 1504 1341 1607 1371; x_wconf 89' lang='lat' dir='ltr'>cum</span> 
     </span>
     <span class='ocr_line' id='line_1_23' title="bbox 173 1389 1608 1451; baseline -0.003 -13"><span class='ocrx_word' id='word_1_136' title='bbox 173 1394 381 1451; x_wconf 90' lang='lat' dir='ltr'>princeps</span> <span class='ocrx_word' id='word_1_137' title='bbox 409 1392 606 1450; x_wconf 86' lang='lat' dir='ltr'>optimus</span> <span class='ocrx_word' id='word_1_138' title='bbox 632 1405 884 1449; x_wconf 90' lang='lat' dir='ltr'>parensque</span> <span class='ocrx_word' id='word_1_139' title='bbox 904 1391 1112 1449; x_wconf 88' lang='lat' dir='ltr'>publicus</span> <span class='ocrx_word' id='word_1_140' title='bbox 1139 1393 1324 1450; x_wconf 88' lang='lat' dir='ltr'>rogatus</span> <span class='ocrx_word' id='word_1_141' title='bbox 1352 1405 1379 1434; x_wconf 87' lang='lat' dir='ltr'>a</span> <span class='ocrx_word' id='word_1_142' title='bbox 1404 1389 1608 1434; x_wconf 87' lang='lat' dir='ltr'>Pallante</span> 
     </span>
     <span class='ocr_line' id='line_1_24' title="bbox 174 1452 1608 1514; baseline -0.003 -14"><span class='ocrx_word' id='word_1_143' title='bbox 174 1472 271 1500; x_wconf 90' lang='lat' dir='ltr'>eam</span> <span class='ocrx_word' id='word_1_144' title='bbox 292 1458 464 1514; x_wconf 91' lang='lat' dir='ltr'>partem</span> <span class='ocrx_word' id='word_1_145' title='bbox 485 1454 747 1511; x_wconf 87' lang='lat' dir='ltr'>sententiae,</span> <span class='ocrx_word' id='word_1_146' title='bbox 767 1469 880 1511; x_wconf 91' lang='lat' dir='ltr'>quae</span> <span class='ocrx_word' id='word_1_147' title='bbox 900 1454 1155 1512; x_wconf 90' lang='lat' dir='ltr'>pertinebat</span> <span class='ocrx_word' id='word_1_148' title='bbox 1179 1453 1235 1497; x_wconf 93' lang='lat' dir='ltr'>ad</span> <span class='ocrx_word' id='word_1_149' title='bbox 1262 1452 1459 1497; x_wconf 89' lang='lat' dir='ltr'>dandum</span> <span class='ocrx_word' id='word_1_150' title='bbox 1485 1452 1527 1497; x_wconf 93' lang='lat' dir='ltr'>ei</span> <span class='ocrx_word' id='word_1_151' title='bbox 1554 1468 1608 1496; x_wconf 84' lang='lat' dir='ltr'>ex</span> 
     </span>
     <span class='ocr_line' id='line_1_25' title="bbox 174 1514 1609 1576; baseline -0.003 -13"><span class='ocrx_word' id='word_1_152' title='bbox 174 1519 343 1563; x_wconf 90' lang='lat' dir='ltr'>aerario</span> <span class='ocrx_word' id='word_1_153' title='bbox 371 1517 623 1563; x_wconf 86' lang='lat' dir='ltr'>sestertium</span> <span class='ocrx_word' id='word_1_154' title='bbox 653 1517 819 1561; x_wconf 88' lang='lat' dir='ltr'>centies</span> <span class='ocrx_word' id='word_1_155' title='bbox 847 1516 1163 1576; x_wconf 88' lang='lat' dir='ltr'>quinquagies,</span> <span class='ocrx_word' id='word_1_156' title='bbox 1189 1515 1360 1560; x_wconf 86' lang='lat' dir='ltr'>remitti</span> <span class='ocrx_word' id='word_1_157' title='bbox 1379 1514 1609 1572; x_wconf 87' lang='lat' dir='ltr'>voluisset,</span> 
     </span>
     <span class='ocr_line' id='line_1_26' title="bbox 173 1579 1607 1637; baseline -0.003 -11"><span class='ocrx_word' id='word_1_158' title='bbox 173 1582 330 1626; x_wconf 86' lang='lat' dir='ltr'>testari</span> <span class='ocrx_word' id='word_1_159' title='bbox 363 1583 587 1637; x_wconf 85' lang='lat' dir='ltr'>senatum,</span> <span class='ocrx_word' id='word_1_160' title='bbox 621 1580 706 1624; x_wconf 89' lang='lat' dir='ltr'>etsi</span> <span class='ocrx_word' id='word_1_161' title='bbox 737 1579 930 1624; x_wconf 89' lang='lat' dir='ltr'>libenter</span> <span class='ocrx_word' id='word_1_162' title='bbox 963 1595 1015 1624; x_wconf 91' lang='lat' dir='ltr'>ac</span> <span class='ocrx_word' id='word_1_163' title='bbox 1048 1579 1209 1623; x_wconf 90' lang='lat' dir='ltr'>merito</span> <span class='ocrx_word' id='word_1_164' title='bbox 1242 1579 1359 1623; x_wconf 86' lang='lat' dir='ltr'>hanc</span> <span class='ocrx_word' id='word_1_165' title='bbox 1385 1593 1607 1622; x_wconf 89' lang='lat' dir='ltr'>summam</span> 
     </span>
     <span class='ocr_line' id='line_1_27' title="bbox 175 1640 1607 1701; baseline -0.003 -13"><span class='ocrx_word' id='word_1_166' title='bbox 175 1645 291 1688; x_wconf 90' lang='lat' dir='ltr'>inter</span> <span class='ocrx_word' id='word_1_167' title='bbox 317 1644 515 1701; x_wconf 91' lang='lat' dir='ltr'>reliquos</span> <span class='ocrx_word' id='word_1_168' title='bbox 541 1643 737 1687; x_wconf 89' lang='lat' dir='ltr'>honores</span> <span class='ocrx_word' id='word_1_169' title='bbox 765 1642 823 1686; x_wconf 93' lang='lat' dir='ltr'>ob</span> <span class='ocrx_word' id='word_1_170' title='bbox 851 1642 986 1687; x_wconf 91' lang='lat' dir='ltr'>fidem</span> <span class='ocrx_word' id='word_1_171' title='bbox 1013 1641 1384 1701; x_wconf 89' lang='lat' dir='ltr'>diligentiamque</span> <span class='ocrx_word' id='word_1_172' title='bbox 1411 1640 1607 1684; x_wconf 86' lang='lat' dir='ltr'>Pallanti</span> 
     </span>
     <span class='ocr_line' id='line_1_28' title="bbox 175 1703 1608 1764; baseline -0.002 -14"><span class='ocrx_word' id='word_1_173' title='bbox 175 1707 409 1751; x_wconf 86' lang='lat' dir='ltr'>decernere</span> <span class='ocrx_word' id='word_1_174' title='bbox 435 1706 676 1764; x_wconf 88' lang='lat' dir='ltr'>coepisset,</span> <span class='ocrx_word' id='word_1_175' title='bbox 701 1705 927 1750; x_wconf 91' lang='lat' dir='ltr'>voluntati</span> <span class='ocrx_word' id='word_1_176' title='bbox 952 1708 1105 1750; x_wconf 88' lang='lat' dir='ltr'>tamen</span> <span class='ocrx_word' id='word_1_177' title='bbox 1125 1704 1342 1762; x_wconf 89' lang='lat' dir='ltr'>principis</span> <span class='ocrx_word' id='word_1_178' title='bbox 1364 1703 1446 1756; x_wconf 87' lang='lat' dir='ltr'>sui,</span> <span class='ocrx_word' id='word_1_179' title='bbox 1467 1703 1539 1748; x_wconf 89' lang='lat' dir='ltr'>cui</span> <span class='ocrx_word' id='word_1_180' title='bbox 1559 1703 1608 1747; x_wconf 93' lang='lat' dir='ltr'>in</span> 
     </span>
     <span class='ocr_line' id='line_1_29' title="bbox 173 1766 1607 1827; baseline -0.003 -14"><span class='ocrx_word' id='word_1_181' title='bbox 173 1770 299 1813; x_wconf 90' lang='lat' dir='ltr'>nulla</span> <span class='ocrx_word' id='word_1_182' title='bbox 331 1785 378 1812; x_wconf 90' lang='lat' dir='ltr'>re</span> <span class='ocrx_word' id='word_1_183' title='bbox 416 1769 483 1812; x_wconf 87' lang='lat' dir='ltr'>fas</span> <span class='ocrx_word' id='word_1_184' title='bbox 523 1770 703 1826; x_wconf 89' lang='lat' dir='ltr'>putaret</span> <span class='ocrx_word' id='word_1_185' title='bbox 734 1783 1004 1827; x_wconf 86' lang='lat' dir='ltr'>repugnare,</span> <span class='ocrx_word' id='word_1_186' title='bbox 1044 1768 1091 1812; x_wconf 92' lang='lat' dir='ltr'>in</span> <span class='ocrx_word' id='word_1_187' title='bbox 1124 1768 1209 1811; x_wconf 90' lang='lat' dir='ltr'>hac</span> <span class='ocrx_word' id='word_1_188' title='bbox 1243 1781 1423 1824; x_wconf 91' lang='lat' dir='ltr'>quoque</span> <span class='ocrx_word' id='word_1_189' title='bbox 1455 1781 1503 1810; x_wconf 89' lang='lat' dir='ltr'>re</span> <span class='ocrx_word' id='word_1_190' title='bbox 1531 1766 1607 1810; x_wconf 92' lang='lat' dir='ltr'>ob·</span> 
     </span>
     <span class='ocr_line' id='line_1_30' title="bbox 175 1830 1606 1890; baseline -0.002 -15"><span class='ocrx_word' id='word_1_191' title='bbox 175 1832 313 1890; x_wconf 90' lang='lat' dir='ltr'>sequi.</span> <span class='ocrx_word' id='word_1_192' title='bbox 345 1831 596 1890; x_wconf 88' lang='lat' dir='ltr'>Imaginare</span> <span class='ocrx_word' id='word_1_193' title='bbox 623 1830 874 1875; x_wconf 91' lang='lat' dir='ltr'>Pallantem</span> <span class='ocrx_word' id='word_1_194' title='bbox 899 1831 1024 1875; x_wconf 91' lang='lat' dir='ltr'>velut</span> <span class='ocrx_word' id='word_1_195' title='bbox 1050 1830 1398 1875; x_wconf 90' lang='lat' dir='ltr'>intercedentem</span> <span class='ocrx_word' id='word_1_196' title='bbox 1426 1831 1606 1873; x_wconf 87' lang='lat' dir='ltr'>senatus</span> 
     </span>
     <span class='ocr_line' id='line_1_31' title="bbox 175 1892 1607 1950; baseline -0.002 -12"><span class='ocrx_word' id='word_1_197' title='bbox 175 1895 381 1939; x_wconf 89' lang='lat' dir='ltr'>consulto</span> <span class='ocrx_word' id='word_1_198' title='bbox 425 1893 822 1950; x_wconf 89' lang='lat' dir='ltr'>moderantemque</span> <span class='ocrx_word' id='word_1_199' title='bbox 866 1893 1061 1938; x_wconf 89' lang='lat' dir='ltr'>honores</span> <span class='ocrx_word' id='word_1_200' title='bbox 1109 1908 1214 1937; x_wconf 88' lang='lat' dir='ltr'>suos</span> <span class='ocrx_word' id='word_1_201' title='bbox 1260 1895 1305 1937; x_wconf 91' lang='lat' dir='ltr'>et</span> <span class='ocrx_word' id='word_1_202' title='bbox 1350 1892 1607 1937; x_wconf 85' lang='lat' dir='ltr'>sestertium</span> 
     </span>
     <span class='ocr_line' id='line_1_32' title="bbox 175 1957 1606 2015; baseline -0.002 -14"><span class='ocrx_word' id='word_1_203' title='bbox 175 1957 341 2002; x_wconf 88' lang='lat' dir='ltr'>centies</span> <span class='ocrx_word' id='word_1_204' title='bbox 377 1957 672 2015; x_wconf 88' lang='lat' dir='ltr'>quinquagies</span> <span class='ocrx_word' id='word_1_205' title='bbox 706 1959 757 1999; x_wconf 89' lang='lat' dir='ltr'>ut</span> <span class='ocrx_word' id='word_1_206' title='bbox 789 1957 979 2001; x_wconf 92' lang='lat' dir='ltr'>nimium</span> <span class='ocrx_word' id='word_1_207' title='bbox 1012 1958 1314 2012; x_wconf 88' lang='lat' dir='ltr'>recusantem,</span> <span class='ocrx_word' id='word_1_208' title='bbox 1346 1969 1448 1999; x_wconf 88' lang='lat' dir='ltr'>cum</span> <span class='ocrx_word' id='word_1_209' title='bbox 1482 1970 1606 2012; x_wconf 89' lang='lat' dir='ltr'>prae-</span> 
     </span>
     <span class='ocr_line' id='line_1_33' title="bbox 174 2017 1605 2076; baseline -0.002 -13"><span class='ocrx_word' id='word_1_210' title='bbox 174 2019 291 2064; x_wconf 91' lang='lat' dir='ltr'>toria</span> <span class='ocrx_word' id='word_1_211' title='bbox 324 2022 585 2063; x_wconf 90' lang='lat' dir='ltr'>ornamenta</span> <span class='ocrx_word' id='word_1_212' title='bbox 617 2022 849 2076; x_wconf 91' lang='lat' dir='ltr'>tamquam</span> <span class='ocrx_word' id='word_1_213' title='bbox 884 2020 1032 2064; x_wconf 88' lang='lat' dir='ltr'>minus</span> <span class='ocrx_word' id='word_1_214' title='bbox 1065 2019 1326 2076; x_wconf 82' lang='lat' dir='ltr'>recepisset3</span> <span class='ocrx_word' id='word_1_215' title='bbox 1358 2017 1605 2076; x_wconf 86' lang='lat' dir='ltr'>imaginare</span> 
     </span>
     <span class='ocr_line' id='line_1_34' title="bbox 176 2080 1606 2139; baseline -0.002 -13"><span class='ocrx_word' id='word_1_216' title='bbox 176 2081 407 2126; x_wconf 83' lang='lat' dir='ltr'>Caesarem</span> <span class='ocrx_word' id='word_1_217' title='bbox 439 2082 590 2125; x_wconf 88' lang='lat' dir='ltr'>liberti</span> <span class='ocrx_word' id='word_1_218' title='bbox 624 2082 830 2139; x_wconf 88' lang='lat' dir='ltr'>precibus</span> <span class='ocrx_word' id='word_1_219' title='bbox 863 2082 936 2126; x_wconf 92' lang='lat' dir='ltr'>vel</span> <span class='ocrx_word' id='word_1_220' title='bbox 967 2082 1120 2139; x_wconf 89' lang='lat' dir='ltr'>potius</span> <span class='ocrx_word' id='word_1_221' title='bbox 1147 2080 1335 2139; x_wconf 91' lang='lat' dir='ltr'>imperio</span> <span class='ocrx_word' id='word_1_222' title='bbox 1364 2095 1514 2125; x_wconf 90' lang='lat' dir='ltr'>coram</span> <span class='ocrx_word' id='word_1_223' title='bbox 1542 2094 1606 2124; x_wconf 87' lang='lat' dir='ltr'>se-</span> 
     </span>
     <span class='ocr_line' id='line_1_35' title="bbox 174 2144 1604 2205; baseline -0.001 -17"><span class='ocrx_word' id='word_1_224' title='bbox 174 2147 283 2189; x_wconf 91' lang='lat' dir='ltr'>natu</span> <span class='ocrx_word' id='word_1_225' title='bbox 323 2145 706 2201; x_wconf 89' lang='lat' dir='ltr'>obtemperantem</span> <span class='ocrx_word' id='word_1_226' title='bbox 751 2144 963 2205; x_wconf 79' lang='lat' dir='ltr'>(imperat</span> <span class='ocrx_word' id='word_1_227' title='bbox 1005 2145 1123 2188; x_wconf 91' lang='lat' dir='ltr'>enim</span> <span class='ocrx_word' id='word_1_228' title='bbox 1166 2144 1354 2188; x_wconf 90' lang='lat' dir='ltr'>libertus</span> <span class='ocrx_word' id='word_1_229' title='bbox 1397 2145 1604 2200; x_wconf 88' lang='lat' dir='ltr'>patrono,</span> 
     </span>
    </p>
   </div>
   <div class='ocr_carea' id='block_1_8' title="bbox 174 2277 1604 2580">
    <p class='ocr_par' dir='ltr' id='par_1_8' title="bbox 174 2277 1604 2580">
     <span class='ocr_line' id='line_1_36' title="bbox 276 2277 1603 2327; baseline -0.001 -12"><span class='ocrx_word' id='word_1_230' title='bbox 276 2283 298 2316; x_wconf 86' lang='grc'><strong>6</strong></span> <span class='ocrx_word' id='word_1_231' title='bbox 319 2280 559 2325; x_wconf 76' lang='lat' dir='ltr'>sequuntur?</span> <span class='ocrx_word' id='word_1_232' title='bbox 580 2279 654 2316; x_wconf 93' lang='lat' dir='ltr'>vol.</span> <span class='ocrx_word' id='word_1_233' title='bbox 670 2280 872 2326; x_wconf 81' lang='lat' dir='ltr'>Schaes&#39;er.,</span> <span class='ocrx_word' id='word_1_234' title='bbox 887 2281 1117 2327; x_wconf 86' lang='lat' dir='ltr'>sequuntur,</span> <span class='ocrx_word' id='word_1_235' title='bbox 1131 2279 1206 2316; x_wconf 92' lang='lat' dir='ltr'>vol.</span> <span class='ocrx_word' id='word_1_236' title='bbox 1221 2280 1322 2327; x_wconf 72' lang='lat' dir='ltr'>vuly.</span> <span class='ocrx_word' id='word_1_237' title='bbox 1427 2277 1499 2314; x_wconf 82' lang='lat'>14*</span> <span class='ocrx_word' id='word_1_238' title='bbox 1519 2277 1603 2324; x_wconf 89' lang='lat' dir='ltr'>ipse</span> 
     </span>
     <span class='ocr_line' id='line_1_37' title="bbox 174 2328 1604 2377; baseline -0.001 -11"><span class='ocrx_word' id='word_1_239' title='bbox 174 2330 364 2377; x_wconf 85' lang='lat' dir='ltr'>patronus</span> <span class='ocrx_word' id='word_1_240' title='bbox 392 2329 477 2376; x_wconf 88' lang='lat' dir='ltr'>ipse</span> <span class='ocrx_word' id='word_1_241' title='bbox 505 2329 762 2366; x_wconf 87' lang='lat' dir='ltr'>advocaretur</span> <span class='ocrx_word' id='word_1_242' title='bbox 788 2343 824 2375; x_wconf 83' lang='lat' dir='ltr'>a,</span> <span class='ocrx_word' id='word_1_243' title='bbox 851 2331 937 2377; x_wconf 89' lang='lat' dir='ltr'>ipse</span> <span class='ocrx_word' id='word_1_244' title='bbox 963 2331 1065 2377; x_wconf 88' lang='lat' dir='ltr'>patr.</span> <span class='ocrx_word' id='word_1_245' title='bbox 1095 2329 1353 2366; x_wconf 83' lang='lat' dir='ltr'>advocaretur</span> <span class='ocrx_word' id='word_1_246' title='bbox 1378 2329 1493 2376; x_wconf 64' lang='lat' dir='ltr'>vulg„</span> <span class='ocrx_word' id='word_1_247' title='bbox 1519 2328 1604 2374; x_wconf 86' lang='lat' dir='ltr'>ipse</span> 
     </span>
     <span class='ocr_line' id='line_1_38' title="bbox 175 2379 1604 2427; baseline -0.001 -11"><span class='ocrx_word' id='word_1_248' title='bbox 175 2380 387 2417; x_wconf 87' lang='lat' dir='ltr'>advocatus</span> <span class='ocrx_word' id='word_1_249' title='bbox 414 2380 516 2415; x_wconf 85' lang='lat' dir='ltr'>esset</span> <span class='ocrx_word' id='word_1_250' title='bbox 542 2380 603 2424; x_wconf 85' lang='lat' dir='ltr'>M,</span> <span class='ocrx_word' id='word_1_251' title='bbox 631 2380 683 2416; x_wconf 91' lang='lat' dir='ltr'>K.</span> <span class='ocrx_word' id='word_1_252' title='bbox 713 2380 828 2427; x_wconf 81' lang='lat' dir='ltr'>(disp.</span> <span class='ocrx_word' id='word_1_253' title='bbox 849 2381 902 2417; x_wconf 92' lang='grc' dir='ltr'>ΙΙ</span> <span class='ocrx_word' id='word_1_254' title='bbox 924 2383 977 2427; x_wconf 79' lang='grc'>9),</span> <span class='ocrx_word' id='word_1_255' title='bbox 1011 2381 1095 2427; x_wconf 86' lang='lat' dir='ltr'>ipse</span> <span class='ocrx_word' id='word_1_256' title='bbox 1130 2380 1389 2416; x_wconf 81' lang='lat' dir='ltr'>advocaretur</span> <span class='ocrx_word' id='word_1_257' title='bbox 1416 2379 1504 2416; x_wconf 86' lang='lat' dir='ltr'>Otto</span> <span class='ocrx_word' id='word_1_258' title='bbox 1528 2381 1604 2415; x_wconf 77' lang='lat'>304</span> 
     </span>
     <span class='ocr_line' id='line_1_39' title="bbox 174 2428 1603 2478; baseline -0.002 -11"><span class='ocrx_word' id='word_1_259' title='bbox 174 2430 256 2478; x_wconf 80' lang='lat' dir='ltr'>(sed</span> <span class='ocrx_word' id='word_1_260' title='bbox 280 2442 314 2467; x_wconf 81' lang='lat' dir='ltr'>v.</span> <span class='ocrx_word' id='word_1_261' title='bbox 337 2430 516 2466; x_wconf 77' lang='lat' dir='ltr'>Holstein</span> <span class='ocrx_word' id='word_1_262' title='bbox 542 2431 569 2466; x_wconf 91' lang='grc' dir='ltr'><em>Ι</em></span> <span class='ocrx_word' id='word_1_263' title='bbox 592 2442 633 2476; x_wconf 74' lang='lat' dir='ltr'>p.</span> <span class='ocrx_word' id='word_1_264' title='bbox 655 2433 678 2466; x_wconf 87' lang='lat'><em>3</em></span> <span class='ocrx_word' id='word_1_265' title='bbox 698 2442 727 2467; x_wconf 81' lang='lat' dir='ltr'>s.</span> <span class='ocrx_word' id='word_1_266' title='bbox 748 2442 781 2467; x_wconf 82' lang='lat' dir='ltr'>v.</span> <span class='ocrx_word' id='word_1_267' title='bbox 804 2430 1044 2477; x_wconf 79' lang='lat' dir='ltr'>advocatus),</span> <span class='ocrx_word' id='word_1_268' title='bbox 1072 2431 1157 2477; x_wconf 84' lang='lat' dir='ltr'>ipse</span> <span class='ocrx_word' id='word_1_269' title='bbox 1183 2431 1393 2477; x_wconf 79' lang='lat' dir='ltr'>patronus,</span> <span class='ocrx_word' id='word_1_270' title='bbox 1422 2428 1506 2475; x_wconf 87' lang='lat' dir='ltr'>ipse</span> <span class='ocrx_word' id='word_1_271' title='bbox 1534 2428 1603 2464; x_wconf 87' lang='lat' dir='ltr'>ad-</span> 
     </span>
     <span class='ocr_line' id='line_1_40' title="bbox 174 2479 1602 2527; baseline -0.001 -10"><span class='ocrx_word' id='word_1_272' title='bbox 174 2481 335 2517; x_wconf 86' lang='lat' dir='ltr'>vocatus</span> <span class='ocrx_word' id='word_1_273' title='bbox 363 2481 466 2517; x_wconf 89' lang='lat' dir='ltr'>esset</span> <span class='ocrx_word' id='word_1_274' title='bbox 492 2491 569 2527; x_wconf 73' lang='lat' dir='ltr'>eqo,</span> <span class='ocrx_word' id='word_1_275' title='bbox 599 2481 647 2525; x_wconf 84' lang='lat' dir='ltr'>cf.</span> <span class='ocrx_word' id='word_1_276' title='bbox 670 2481 698 2516; x_wconf 93' lang='lat' dir='ltr'><em>I</em></span> <span class='ocrx_word' id='word_1_277' title='bbox 719 2483 753 2525; x_wconf 81' lang='lat'>9,</span> <span class='ocrx_word' id='word_1_278' title='bbox 780 2483 815 2516; x_wconf 71' lang='lat'>⁴2.</span> <span class='ocrx_word' id='word_1_279' title='bbox 971 2484 1016 2516; x_wconf 91' lang='grc'>22</span> <span class='ocrx_word' id='word_1_280' title='bbox 1045 2480 1121 2517; x_wconf 88' lang='lat' dir='ltr'>etsi</span> <span class='ocrx_word' id='word_1_281' title='bbox 1140 2493 1172 2526; x_wconf 84' lang='lat' dir='ltr'>r,</span> <span class='ocrx_word' id='word_1_282' title='bbox 1202 2480 1255 2516; x_wconf 90' lang='lat' dir='ltr'>K.</span> <span class='ocrx_word' id='word_1_283' title='bbox 1276 2480 1336 2521; x_wconf 82' lang='lat'>11.</span> <span class='ocrx_word' id='word_1_284' title='bbox 1364 2481 1404 2516; x_wconf 90' lang='lat' dir='ltr'>et</span> <span class='ocrx_word' id='word_1_285' title='bbox 1431 2489 1471 2515; x_wconf 88' lang='lat' dir='ltr'>se</span> <span class='ocrx_word' id='word_1_286' title='bbox 1500 2479 1602 2523; x_wconf 88' lang='lat' dir='ltr'>Ma,</span> 
     </span>
     <span class='ocr_line' id='line_1_41' title="bbox 176 2529 1601 2580; baseline -0.002 -13"><span class='ocrx_word' id='word_1_287' title='bbox 176 2530 247 2580; x_wconf 88' lang='lat' dir='ltr'>[et]</span> <span class='ocrx_word' id='word_1_288' title='bbox 277 2541 316 2566; x_wconf 89' lang='lat' dir='ltr'>se</span> <span class='ocrx_word' id='word_1_289' title='bbox 345 2530 396 2567; x_wconf 91' lang='lat' dir='ltr'>K.</span> <span class='ocrx_word' id='word_1_290' title='bbox 413 2531 447 2566; x_wconf 95' lang='grc' dir='ltr'>Ι.</span> <span class='ocrx_word' id='word_1_291' title='bbox 557 2534 604 2566; x_wconf 85' lang='grc'>24</span> <span class='ocrx_word' id='word_1_292' title='bbox 632 2530 825 2577; x_wconf 86' lang='lat' dir='ltr'>coepisset</span> <span class='ocrx_word' id='word_1_293' title='bbox 846 2531 995 2575; x_wconf 68' lang='lat' dir='ltr'>Catan„</span> <span class='ocrx_word' id='word_1_294' title='bbox 1018 2531 1069 2568; x_wconf 92' lang='lat' dir='ltr'>K.</span> <span class='ocrx_word' id='word_1_295' title='bbox 1092 2532 1145 2573; x_wconf 91' lang='grc' dir='ltr'>ΙΙ,</span> <span class='ocrx_word' id='word_1_296' title='bbox 1174 2530 1347 2577; x_wconf 87' lang='lat' dir='ltr'>coepisse</span> <span class='ocrx_word' id='word_1_297' title='bbox 1370 2530 1472 2575; x_wconf 87' lang='lat' dir='ltr'>Ma,</span> <span class='ocrx_word' id='word_1_298' title='bbox 1494 2529 1545 2565; x_wconf 91' lang='lat' dir='ltr'>K.</span> <span class='ocrx_word' id='word_1_299' title='bbox 1568 2530 1601 2565; x_wconf 95' lang='lat' dir='ltr'>I.</span> 
     </span>
    </p>
   </div>
   <div class='ocr_carea' id='block_1_9' title="bbox 1636 524 1652 552">
    <p class='ocr_par' dir='ltr' id='par_1_9' title="bbox 1636 524 1652 552">
     <span class='ocr_line' id='line_1_42' title="bbox 1636 524 1652 552; baseline 0 0"><span class='ocrx_word' id='word_1_300' title='bbox 1636 524 1652 552; x_wconf 82' lang='lat'>5</span> 
     </span>
    </p>
   </div>
   <div class='ocr_carea' id='block_1_10' title="bbox 1636 837 1672 864">
    <p class='ocr_par' dir='ltr' id='par_1_10' title="bbox 1636 837 1672 864">
     <span class='ocr_line' id='line_1_43' title="bbox 1636 837 1672 864; baseline 0 0"><span class='ocrx_word' id='word_1_301' title='bbox 1636 837 1672 864; x_wconf 91' lang='grc'>10</span> 
     </span>
    </p>
   </div>
   <div class='ocr_carea' id='block_1_11' title="bbox 1634 1150 1670 1178">
    <p class='ocr_par' dir='ltr' id='par_1_11' title="bbox 1634 1150 1670 1178">
     <span class='ocr_line' id='line_1_44' title="bbox 1634 1150 1670 1178; baseline 0.028 -1"><span class='ocrx_word' id='word_1_302' title='bbox 1634 1150 1670 1178; x_wconf 83' lang='grc'>15</span> 
     </span>
    </p>
   </div>
   <div class='ocr_carea' id='block_1_12' title="bbox 1634 1464 1671 1490">
    <p class='ocr_par' dir='ltr' id='par_1_12' title="bbox 1634 1464 1671 1490">
     <span class='ocr_line' id='line_1_45' title="bbox 1634 1464 1671 1490; baseline 0 0"><span class='ocrx_word' id='word_1_303' title='bbox 1634 1464 1671 1490; x_wconf 83' lang='lat'>20</span> 
     </span>
    </p>
   </div>
   <div class='ocr_carea' id='block_1_13' title="bbox 1633 1775 1669 1804">
    <p class='ocr_par' dir='ltr' id='par_1_13' title="bbox 1633 1775 1669 1804">
     <span class='ocr_line' id='line_1_46' title="bbox 1633 1775 1669 1804; baseline 0 0"><span class='ocrx_word' id='word_1_304' title='bbox 1633 1775 1669 1804; x_wconf 73' lang='lat'>25</span> 
     </span>
    </p>
   </div>
  </div>
 </body>
</html>
