1630 2678
503 126 860 163 EPISTULARUM
885 126 938 162 VI
965 131 1024 171 20,
1052 131 1109 163 21.
1420 130 1506 174 163

107 239 290 284 Possem
321 239 504 297 gloriari
535 254 626 283 non
652 239 865 297 gemitum
892 239 1023 295 mihi,
1054 255 1145 283 non
1170 255 1323 284 vocem
1350 256 1506 298 parum
1536 252 1581 285 17

107 300 270 346 fortem
310 301 359 344 in
389 300 526 344 tantis
559 301 768 357 periculis
801 300 1032 357 excidisse,
1064 301 1151 344 nisi
1183 316 1253 346 me
1285 316 1386 346 cum
1419 318 1509 346 om-

107 361 260 419 nibus,
285 361 436 405 omnia
461 376 633 405 mecum
660 362 802 418 perire
822 361 1008 416 misero,
1035 377 1196 420 magno
1222 366 1371 407 tamen
1396 379 1510 408 mor·

106 423 294 468 talitatis
319 422 484 467 solacio
511 423 804 467 credidissem.
843 423 1038 466 Tandem
1065 423 1142 466 illa
1167 424 1310 483 caligo
1331 427 1512 479 tenuata
1539 435 1583 469 18

65 498 83 526 ε
109 484 237 542 quasi
272 485 318 528 in
360 484 531 528 fumum
564 484 827 528 nebulamve
858 484 1075 537 discessit3
1108 500 1213 528 mox
1245 486 1336 529 dies
1369 502 1511 542 verus,

107 546 178 590 sol
207 545 342 590 etiam
374 546 552 601 effulsit,
590 545 759 589 luridus
791 548 958 602 tamen,
993 546 1135 602 qualis
1169 561 1281 603 esse,
1313 562 1414 592 cum
1440 549 1511 592 de-

108 606 220 663 ficit,
264 607 389 652 solet.
470 605 771 651 Occursabant
814 607 1137 664 trepidantibus
1183 608 1327 652 adhuc
1371 609 1510 654 oculis

108 670 279 712 mutata
316 668 466 712 omnia
502 668 682 724 altoque
721 668 864 712 cinere
902 671 1128 725 tamquam
1167 669 1268 712 nive
1307 670 1510 714 obducta.

109 728 315 788 Regressi
340 728 558 773 Misenum
587 730 750 773 curatis
777 732 1018 786 utcumque
1045 730 1305 786 corporibus
1332 746 1511 789 suspen·
1539 742 1584 777 19

49 805 86 833 ιο
109 805 204 835 sam
235 790 502 847 dubiamque
533 793 708 834 noctem
743 805 821 848 spe
853 805 904 834 ac
936 794 1057 834 metu
1083 792 1320 849 exegimus.
1366 793 1511 837 Metus

109 851 409 909 praevalebat3
461 867 563 895 nam
611 855 655 895 et
705 854 872 895 tremor
920 855 1061 896 terrae
1105 854 1431 910 perseverabat,
1468 857 1513 898 et

108 912 308 970 plerique
346 913 566 969 lymphati
605 913 808 956 terrificis
847 913 1236 957 vaticinationibus
1276 918 1320 958 et
1358 931 1437 959 sua
1469 919 1514 959 et

108 973 252 1018 aliena
282 974 400 1017 mala
429 974 781 1018 ludificabantur.
844 974 988 1018 Nobis
1012 978 1162 1018 tamen
1194 991 1249 1018 ne
1281 979 1388 1020 tunc
1419 977 1514 1033 qui·
1539 988 1586 1022 20

110 1034 228 1092 dem,
269 1049 536 1092 quamquam
568 1038 613 1079 et
645 1035 836 1092 expertis
878 1036 1122 1092 periculum
1166 1040 1210 1079 et
1247 1039 1514 1094 expectanti-

50 1114 84 1141 ιε
108 1096 210 1153 bus,
242 1096 431 1140 abeundi
463 1096 717 1154 consilium,
750 1097 888 1141 donec
922 1097 974 1140 de
1006 1099 1224 1142 avunculo
1257 1099 1451 1142 nuntius.

201 1156 324 1202 Haec
341 1172 621 1214 nequaquam
642 1157 829 1202 historia
855 1158 989 1216 digna
1013 1174 1104 1202 non
1131 1160 1375 1216 scripturus
1393 1161 1513 1218 leges

110 1221 155 1262 et
185 1218 287 1276 tibi,
318 1218 487 1263 scilicet
520 1219 597 1276 qui
635 1220 877 1276 requisisti,
917 1220 1176 1276 imputabis,
1215 1222 1251 1263 si
1285 1220 1419 1279 digna
1459 1237 1514 1265 ne

111 1279 302 1338 epistula
333 1279 510 1337 quidem
543 1280 821 1324 videbuntur.
886 1281 1009 1324 Vale.

757 1395 863 1434 xxi.
905 1390 1046 1454 smae,
1078 1396 1117 1460 ,χ
1142 1390 1331 1454 aym-s
1355 1379 1553 1438 Imm

49 1480 86 1507 ,ο
201 1494 207 1500 .
482 1470 523 1502 (“.
545 1469 747 1502 PLINIUS
775 1470 980 1502 CANINIO
1010 1470 1103 1502 Slto
1133 1471 1170 1503 S.

205 1546 311 1592 Sum
346 1562 429 1606 ego
456 1548 511 1603 is,
539 1549 616 1604 qui
643 1549 775 1592 mirer
807 1548 1031 1605 antiquos,
1056 1563 1147 1592 non
1172 1552 1320 1593 tamen
1346 1554 1396 1593 ut
1422 1552 1514 1608 qui·
1543 1563 1561 1595 1

112 1609 212 1653 dam
257 1612 508 1667 temporum
553 1613 806 1653 nostrorum
855 1610 1031 1666 ingenia
1069 1610 1281 1667 despicio.
1361 1610 1516 1668 Neque

113 1670 230 1714 enim
270 1670 396 1728 quasi
433 1670 549 1713 lassa
587 1674 632 1714 et
670 1670 798 1713 effeta
835 1674 994 1714 natura
1030 1671 1143 1715 nihil
1174 1672 1262 1715 iam
1295 1672 1515 1716 laudabile

114 1731 241 1788 parit.
305 1730 452 1787 Atque
490 1731 599 1774 adeo
632 1746 771 1787 nuper
803 1731 952 1774 audivi
986 1731 1232 1790 Vergilium
1265 1732 1515 1778 Romanum
1542 1746 1563 1778 2

53 1809 89 1837 η
115 1792 266 1849 paucis
306 1793 527 1850 legentem
570 1792 840 1835 comoediam
885 1792 938 1836 ad
981 1794 1204 1851 exemplar
1244 1795 1403 1838 veteris
1446 1810 1516 1839 co·

115 1852 312 1897 moediae
343 1853 553 1909 scriptam
587 1856 676 1896 tam
711 1853 840 1909 bene,
872 1857 922 1897 ut
952 1869 1046 1898 esse
1079 1855 1343 1912 quandoque
1376 1857 1517 1912 possit

114 1914 348 1971 exemplar.
388 1912 564 1969 Nescio,
588 1929 644 1957 an
673 1915 793 1957 noris
813 1914 1049 1959 hominem.
1089 1915 1366 1973 Quamquam
1386 1931 1516 1960 nosse
1543 1929 1564 1962 3

115 1975 265 2031 debes3
310 1977 376 2018 est
423 1974 539 2018 enim
582 1975 803 2031 probitate
844 1990 1037 2032 morum,
1078 1977 1244 2035 ingenii
1286 1978 1517 2036 elegantia,

116 2051 299 2094 operum
351 2035 560 2079 varietate
614 2036 924 2081 monstrabilis.
999 2036 1185 2094 Scripsit
1237 2039 1516 2083 mimiambos
1542 2051 1564 2083 4

55 2114 92 2142 ω
116 2097 326 2152 tenuiter,
358 2100 531 2154 argute,
565 2099 746 2140 venuste
778 2100 910 2155 atque
938 2098 982 2142 in
1009 2099 1093 2142 hoc
1126 2114 1284 2156 genere
1311 2100 1515 2156 eloquen-

216 2209 238 2241 5
270 2215 358 2242 vere
390 2218 427 2240 α.
578 2208 597 2239 7
632 2205 886 2242 occurrebant
916 2219 950 2242 α.
1106 2210 1149 2242 10
1183 2207 1372 2253 exigimus
1400 2208 1515 2244 Dra.

117 2258 161 2290 21
192 2264 239 2290 ex
264 2253 330 2298 iis,
365 2254 429 2299 qui
466 2253 581 2289 mirer
612 2253 730 2298 codd„
763 2255 897 2302 Stanyl
924 2267 965 2301 p.
991 2259 1075 2299 676,
1111 2267 1183 2302 ego
1218 2256 1268 2300 is,
1301 2256 1368 2302 qui
1402 2255 1518 2293 mirer

121 2302 276 2350 Gieriq„
302 2303 450 2346 Muell„
478 2303 524 2347 cf.
547 2303 571 2338 1
587 2305 623 2346 2,
644 2305 689 2347 3‚·
717 2303 820 2340 VIII
839 2306 874 2348 7,
894 2307 942 2348 2;
969 2305 1034 2341 IX
1059 2309 1094 2349 9,
1120 2307 1161 2348 2;
1192 2306 1244 2341 Η.
1264 2305 1417 2341 Alanus
1442 2305 1515 2342 obs.

118 2352 200 2389 crit.
215 2362 256 2398 p.
270 2354 333 2395 24,
353 2362 399 2387 ex
420 2352 478 2395 iis,
501 2351 566 2397 qui
587 2351 779 2387 mirantur
792 2352 991 2397 Schaefer„
1013 2354 1063 2389 K.
1165 2357 1211 2389 24
1233 2353 1460 2401 Verginium
1480 2366 1515 2391 a.

120 2403 166 2436 2⁹
186 2399 334 2437 mimos.
356 2400 379 2436 i.
403 2400 514 2436 ambo
538 2401 595 2441 M,
622 2404 695 2436 eim
722 2400 870 2437 iambos
899 2402 949 2446 D,
977 2403 1023 2446 cf.
1047 2403 1098 2438 ad
1122 2402 1233 2441 1V3.
1254 2405 1287 2438 3.
1391 2406 1437 2438 80
1456 2405 1516 2439 ut-

119 2460 195 2494 que
222 2449 357 2486 Barth.

1226 2526 1294 2560 11*
