1716 2742
481 88 840 130 PANEGYRICUS
868 93 927 137 85,
944 100 959 128 5
972 112 1022 118 —
1037 94 1096 137 87,
1110 101 1138 128 4.
1433 91 1521 136 397

99 207 220 252 riosa
250 205 338 252 ista
371 206 564 251 statione
598 209 642 251 et
676 206 870 251 exercita
896 206 1154 264 debeamus,
1189 221 1289 251 cum
1325 205 1468 250 otium
1501 220 1527 249 a

99 273 145 315 te
170 272 402 328 tamquam
437 285 507 314 res
536 270 708 327 optima
735 271 780 314 et
806 271 986 327 petatur
1012 272 1058 314 et
1084 267 1223 314 detur.
1271 267 1414 322 Quam
1442 282 1525 327 ego

100 332 234 378 audio
267 331 578 377 confusionem
604 335 729 376 tuam
755 332 914 390 fuisse,
947 347 1048 377 cum
1076 331 1400 392 digredientem
1426 346 1527 389 pro-

101 394 367 454 sequereris!
416 394 687 439 Prosecutus
721 395 840 439 enim
871 410 954 440 nec
986 395 1248 453 temperasti
1280 394 1385 452 tibi,
1437 409 1527 452 quo

101 457 251 503 minus
294 457 476 503 exeunti
518 457 566 501 in
606 458 738 502 litore
772 458 1018 516 amplexus,
1060 459 1109 502 in
1149 458 1282 502 litore
1324 457 1529 502 osculum

99 521 250 566 ferres.
316 519 455 566 Stetit
494 518 656 565 Caesar
694 521 742 564 in
780 521 859 565 illa
898 521 1122 566 amicitiae
1163 521 1364 579 specula,
1405 519 1531 564 stetit
1555 531 1579 565 4

99 586 396 643 precatusque
439 585 509 628 est
550 582 733 628 abeunti
775 599 919 641 prona
954 584 1096 628 maria
1141 584 1438 641 celeremque,
1492 582 1531 627 si

58 707 61 710 Ι
99 650 253 692 tamen
277 647 375 705 ipse
401 646 630 703 volujsset,
656 661 887 691 recursum
913 663 996 692 nec
1017 646 1232 691 sustinuit
1251 646 1531 691 recedentem

41 786 77 814 10

41 1100 77 1129 15

46 1730 83 1759 2⁶

99 725 194 755 non
227 709 363 754 etiam
395 711 531 767 atque
571 709 707 753 etiam
741 710 858 754 votis
893 712 938 754 et
976 710 1173 754 lacrimis
1208 710 1346 767 sequi.
1410 708 1530 754 Nam
1559 721 1580 755 5

102 773 157 818 de
188 772 460 818 liberalitate
492 774 632 816 taceO.
699 771 871 825 Quibus
905 773 1025 817 enim
1058 772 1317 817 muneribus
1351 771 1533 829 aequari

100 836 213 881 haec
239 850 347 881 cura
371 835 608 894 principis,
634 835 744 880 haec
771 835 989 893 patientia
1014 838 1181 894 potest,
1210 851 1298 893 qua
1318 834 1533 892 meruisti,

101 901 154 944 ut
185 899 262 944 ille
302 898 390 944 sibi
427 898 618 943 nimium
658 898 788 942 fortis
830 914 880 943 ac
920 914 1060 957 prope
1101 899 1238 943 durus
1277 897 1533 942 videretur?

101 961 200 1008 Nec
233 961 411 1019 dubito,
444 961 555 1019 quin
582 961 820 1032 agitaverit
853 977 1022 1019 secum,
1056 978 1114 1006 an
1140 961 1444 1020 gubernacula
1468 976 1533 1005 re-

102 1027 352 1084 torqueret,
386 1027 431 1069 et
451 1024 648 1082 fecisset,
681 1024 770 1068 nisi
796 1025 916 1082 quod
943 1040 1084 1083 paene
1109 1025 1209 1082 ipso
1238 1023 1532 1068 contubernio

103 1088 322 1147 principis
347 1087 524 1132 felicius
551 1087 880 1145 iucundiusque
915 1090 983 1132 est
1009 1087 1258 1132 desiderare
1284 1087 1534 1145 principem

103 1151 442 1196 desiderantem.
507 1150 568 1194 Et
601 1150 678 1194 ille
719 1150 899 1208 quidem
938 1153 989 1195 ut
1022 1151 1217 1195 maximo
1257 1149 1408 1195 fructu
1441 1164 1534 1194 sus·
1562 1160 1584 1194 6

103 1214 225 1273 cepti
250 1214 315 1258 ita
341 1214 511 1258 maiore
539 1213 733 1271 depositi
759 1213 900 1258 officii
927 1213 1071 1273 gloria
1096 1213 1282 1270 fruitur,
1307 1215 1357 1257 tu
1384 1215 1534 1257 autem

103 1277 322 1325 facilitate
355 1277 443 1322 ista
475 1279 744 1322 consecutus
778 1292 843 1332 es,
876 1293 932 1321 ne
966 1292 1099 1334 quem
1125 1276 1316 1320 retinere
1343 1275 1534 1320 videaris

103 1340 310 1385 invitum.
376 1338 517 1384 Civile
549 1339 638 1384 hoc
670 1342 715 1384 et
747 1340 923 1397 parenti
957 1339 1139 1398 publico
1168 1338 1534 1384 convenientissi-
1548 1335 1611 1384 8¹7

106 1419 250 1462 mum,
275 1402 392 1448 nihil
417 1418 577 1463 cogere
605 1418 868 1461 semperque
895 1403 1152 1447 meminisse
1172 1402 1344 1446 nullam
1364 1404 1538 1446 tantam

105 1468 376 1526 potestatem
410 1466 622 1524 cuiquam
655 1466 751 1510 dari
784 1481 934 1524 posse,
968 1468 1019 1510 ut
1051 1481 1144 1510 non
1170 1466 1229 1509 sit
1255 1465 1427 1524 gratior
1458 1479 1537 1523 po-

107 1531 267 1575 testate
293 1529 490 1574 libertas.
555 1527 733 1588 Dignus
761 1544 827 1587 es,
861 1527 1038 1586 Caesar,
1073 1528 1151 1586 qui
1178 1527 1329 1572 officia
1354 1527 1536 1572 mandes
1564 1538 1586 1572 2

105 1593 329 1651 deponere
355 1592 638 1651 optantibus,
673 1591 751 1649 qui
777 1591 1033 1650 petentibus
1061 1591 1341 1636 vacationem
1368 1590 1537 1635 invitus

107 1655 308 1714 quidem,
352 1655 429 1701 sed
467 1658 618 1700 tamen
658 1655 849 1712 tribuas,
892 1655 969 1713 qui
1008 1655 1064 1699 ab
1108 1654 1262 1699 amicis
1306 1653 1537 1698 orantibus

107 1719 309 1777 requiem
342 1733 436 1763 non
462 1722 506 1763 te
533 1718 727 1775 relinqui
754 1720 905 1776 putes,
938 1718 1017 1776 qui
1044 1733 1220 1776 semper
1246 1717 1461 1775 invenias,
1494 1719 1539 1761 et

108 1797 222 1841 quos
250 1797 307 1826 ex
333 1782 427 1827 otio
454 1796 636 1826 revoces
665 1784 710 1825 et
737 1796 849 1838 quos
878 1781 970 1825 otio
998 1780 1169 1825 reddas.
1222 1779 1317 1825 Vos
1346 1795 1539 1838 quoque,
1567 1789 1588 1823 3

108 1860 222 1904 quos
255 1860 417 1903 parens
450 1847 605 1890 noster
638 1843 919 1888 familiariter
958 1843 1178 1902 inspicere
1211 1843 1436 1902 dignatur,
1474 1842 1540 1887 fo·

107 1910 208 1953 vete
249 1908 466 1952 iudicium
507 1908 622 1965 eius,
662 1907 784 1964 quod
823 1906 877 1951 de
917 1907 1045 1951 vobis
1085 1906 1240 1951 habet:
1279 1905 1354 1950 hic
1393 1908 1540 1950 vester

107 1971 238 2016 labor
269 1974 349 2016 est.
402 1970 618 2028 Princeps
653 1970 793 2027 enim,
826 1985 927 2014 cum
961 1970 1008 2014 in
1034 1985 1125 2014 uno
1153 1969 1364 2027 probavit
1391 1984 1539 2013 amare
1567 1979 1590 2012 4

109 2049 156 2079 se
183 2034 315 2092 scire,
348 2036 479 2079 vacat
505 2034 655 2091 culpa,
690 2033 728 2077 si
755 2033 867 2078 alios
895 2032 1043 2077 minus
1065 2035 1196 2076 amat.
1261 2030 1417 2090 Ipsum
1445 2032 1540 2089 qui-

108 2097 210 2142 dem
244 2098 344 2155 quis
386 2096 670 2141 mediocriter
709 2095 888 2155 diligat,
928 2111 1029 2140 cum
1067 2096 1189 2155 leges
1230 2095 1409 2139 amandi
1448 2110 1541 2139 non

211 2195 259 2232 2*
278 2196 412 2233 malim
433 2195 636 2242 quantam.
731 2198 755 2230 4
782 2194 821 2232 R
838 2198 926 2240 post
944 2194 1175 2241 prosecutus
1195 2194 1308 2231 habet
1327 2204 1367 2230 es
1387 2194 1432 2229 in
1449 2205 1540 2239 ras„

109 2245 714 2340 ffssssesst‘sst‘ssfffagtdfiaff
717 2245 1020 2340 1.]ξῖθῇαέιίἴῖ
1038 2244 1289 2350 ἒῑῖῗ·;,«ἷῖῥ.“ᾱ
1308 2255 1356 2330 ²⁰2³
1371 2246 1540 2331 3322ssss

110 2347 224 2384 stetit
243 2346 333 2383 add.
356 2347 407 2391 R,
429 2346 495 2392 K.‚
516 2346 671 2390 Baehr.,
693 2345 830 2382 Muell.
925 2348 944 2381 7
967 2346 1027 2381 est
1048 2344 1212 2381 abeunti
1231 2355 1356 2391 prona
1375 2344 1466 2381 add.
1488 2345 1541 2382 R.

111 2400 133 2434 9
152 2396 256 2434 votis
277 2398 317 2434 et
335 2395 509 2432 lacrimis
537 2396 588 2442 R,
616 2396 668 2432 K.
684 2396 736 2432 ΙΙ
758 2395 857 2441 (ind.
874 2406 913 2442 p.
937 2395 1034 2440 XI),
1057 2395 1207 2440 Muell„
1228 2395 1342 2440 votis,
1364 2393 1538 2431 lacrimis

109 2447 225 2546 vvssg„
246 2447 298 2484 K.
320 2448 354 2492 Ι,
370 2447 509 2483 Baehr.
605 2449 648 2481 19
669 2445 744 2482 hoc
765 2446 804 2482 et
819 2446 868 2491 A,
887 2445 1037 2491 Μυκη,
1058 2445 1132 2482 hoc
1154 2446 1237 2482 erat
1255 2446 1295 2482 et
1314 2445 1394 2482 rell.
1416 2445 1538 2491 codd„
