1716 2742
195 137 281 181 198
805 135 843 172 e.
865 135 1003 172 PLINI

142 261 163 294 2
190 250 290 309 Ego
326 253 375 294 ut
408 267 503 295 esse
537 250 731 306 credam,
765 250 812 293 in
844 250 1002 306 primis
1037 266 1088 295 eo
1133 251 1291 308 ducor,
1330 251 1451 309 quod
1490 251 1623 296 audio

191 312 404 357 accidisse
439 312 592 358 Curtio
629 311 761 356 Rufo.
827 312 993 357 Tenuis
1028 313 1174 357 adhuc
1207 316 1253 357 et
1296 313 1513 359 obscurus
1549 313 1624 358 ob-

191 375 352 419 tinenti
394 374 594 420 Africam
634 389 783 419 comes
823 375 1037 419 haeserat.
1102 374 1324 420 Inclinato
1358 376 1430 421 die
1463 377 1629 434 spatia-

191 438 322 481 batur
359 438 407 480 in
445 438 642 495 porticu:
683 438 869 481 offertur
914 438 955 482 ei
997 438 1198 482 mulieris
1237 438 1385 498 figura
1429 439 1626 483 humana

192 499 404 558 grandior
429 500 768 557 pulchriorque3
801 501 1040 557 perterrito
1068 499 1270 545 Africam
1297 516 1343 545 se
1369 501 1626 546 futurorum
1658 517 1672 542 5

192 562 502 619 praenuntiam
551 563 682 620 dixit3
726 562 896 606 iturum
940 563 1059 607 enim
1101 562 1295 607 Romam
1340 563 1625 622 honoresque

191 626 422 683 gesturum
456 627 591 682 atque
624 625 760 670 etiam
794 640 896 670 cum
931 641 1106 670 summo
1141 626 1332 683 imperio
1365 626 1414 670 in
1440 626 1626 671 eandem

143 698 163 729 3
191 686 469 744 provinciam
502 703 784 733 reversurum
818 687 973 746 ibique
1006 688 1287 735 moriturum.
1351 687 1490 734 Facta
1522 692 1628 733 sunt

193 749 353 793 omnia.
419 749 655 795 Praeterea
688 750 921 806 accedenti
945 750 1264 810 Carthaginem
1291 751 1627 810 egredientique

191 827 302 855 nave
337 812 490 856 eadem
524 813 670 872 figura
702 813 750 857 in
781 813 914 858 litore
949 814 1196 858 occurrisse
1235 815 1454 858 narratur.
1525 812 1628 872 Ipse
1656 829 1691 854 10

192 876 312 918 certe
346 875 593 932 implicitus
629 877 787 920 morbo
829 877 983 932 futura
1021 876 1296 934 praeteritis,
1338 876 1524 934 adversa
1563 891 1629 921 se-

193 936 350 980 cundis
384 941 629 997 auguratus
657 954 783 996 spem
812 939 969 992 salutis
996 939 1123 983 nullo
1152 954 1336 984 suorum
1364 939 1628 997 desperante

192 999 392 1056 proiecit.

142 1072 165 1104 4
286 1060 382 1106 Iam
415 1063 529 1107 illud
562 1079 712 1108 nonne
755 1073 801 1108 et
840 1064 984 1124 magis
1024 1064 1225 1108 terribile
1265 1066 1310 1108 et
1347 1079 1442 1108 non
1479 1064 1628 1109 minus

143 1134 164 1166 5
193 1124 357 1168 mirum
391 1128 478 1183 est,
512 1127 632 1184 quod
666 1143 907 1185 exponam,
947 1131 999 1171 ut
1037 1126 1221 1185 accepi?
1284 1126 1398 1171 Erat
1435 1125 1628 1171 Athenis
1660 1141 1692 1168 ιε

193 1187 391 1244 spatiosa
419 1191 464 1232 et
491 1204 632 1247 capax
659 1190 840 1248 domus,
868 1190 945 1234 sed
972 1190 1153 1234 infamis
1181 1192 1226 1234 et
1251 1189 1479 1247 pestilens,
1545 1188 1631 1234 Per

193 1250 422 1294 silentium
470 1252 616 1297 noctis
661 1267 798 1297 sonus
841 1252 948 1297 ferri
991 1255 1054 1310 et,
1089 1253 1127 1296 si
1173 1252 1424 1297 attenderes
1471 1252 1630 1309 acrius,

193 1313 405 1370 strepitus
439 1314 723 1359 vinculorum
756 1315 937 1374 longius
971 1315 1138 1373 primo,
1173 1314 1332 1360 deinde
1365 1330 1389 1359 e
1422 1315 1630 1372 proximo
1660 1359 1662 1362 .

192 1375 477 1420 reddebatur:
530 1393 637 1421 mox
688 1378 935 1436 apparebat
986 1378 1159 1435 idolon,
1212 1392 1348 1422 senex
1399 1378 1541 1422 macie
1588 1380 1633 1421 et

195 1439 402 1494 squalore
443 1440 694 1497 confectus,
732 1441 955 1498 promissa
995 1440 1154 1497 barba,
1197 1440 1401 1484 horrenti
1448 1440 1632 1499 capillo3
1659 1453 1695 1480 20

195 1502 398 1545 cruribus
433 1503 690 1560 compedes,
722 1504 930 1548 manibus
965 1506 1142 1548 catenas
1170 1503 1355 1562 gerebat
1386 1503 1633 1560 quatiebat-

146 1572 166 1603 6
196 1579 292 1619 que.
358 1563 467 1608 Inde
507 1565 866 1610 inhabitantibus
906 1566 1058 1610 tristes
1099 1565 1311 1623 diraeque
1354 1567 1510 1611 noctes
1552 1581 1633 1623 per

195 1629 363 1669 metum
397 1627 723 1686 vigilabantur3
757 1628 959 1688 vigiliam
993 1628 1178 1673 morbus
1213 1632 1258 1672 et
1291 1631 1518 1673 crescente
1544 1628 1633 1672 for-

196 1688 362 1733 midine
390 1705 511 1734 mors
539 1692 820 1748 sequebatur.
879 1691 998 1736 Nam
1026 1691 1224 1736 interdiu
1252 1706 1452 1749 quoque,
1479 1707 1633 1749 quam-

197 1766 330 1807 quam
383 1751 658 1798 abscesserat
713 1754 884 1813 imago,
947 1755 1164 1799 memoria
1218 1754 1429 1813 imaginis
1490 1754 1632 1798 oculis
1661 1771 1696 1798 25

196 1814 439 1871 inerrabat,
464 1816 732 1875 longiorque
761 1817 906 1862 causis
934 1817 1110 1861 timoris
1137 1817 1275 1861 timor
1300 1819 1407 1861 erat.
1447 1815 1635 1861 Deserta

197 1875 300 1920 inde
333 1879 378 1920 et
410 1877 619 1922 damnata
652 1880 894 1924 solitudine
928 1880 1088 1924 domus
1121 1881 1308 1938 totaque
1334 1879 1404 1924 illi
1430 1881 1634 1924 monstro

196 1938 372 1996 relicta3
405 1941 770 1997 proscribebatur
801 1946 975 2000 tamen,
1007 1958 1085 1987 seu
1120 1942 1220 2000 quis
1254 1957 1400 1987 emere
1427 1957 1504 1987 seu
1534 1942 1635 1999 quis

150 2010 168 2041 7
198 2002 446 2047 conducere
491 2004 674 2063 ignarus
717 2006 831 2049 tanti
877 2005 986 2050 mali
1027 2005 1174 2049 vellet.
1250 2004 1388 2050 Venit
1432 2003 1635 2050 Athenas

198 2063 497 2123 philosophus
533 2066 869 2125 Athenodorus,
903 2069 1015 2128 legit
1046 2068 1231 2112 titulum
1266 2067 1511 2126 auditoque
1538 2083 1635 2125 pre·
1663 2078 1716 2111 302

198 2126 282 2183 tio,
317 2128 423 2184 quia
456 2133 664 2187 suspecta
696 2130 867 2188 vilitas,
906 2133 1225 2188 percunctatus
1259 2130 1412 2175 omnia
1451 2131 1637 2175 docetur
1710 2172 1716 2179 ,

199 2203 250 2232 ac
275 2190 418 2234 nihilo
441 2192 609 2250 minus,
637 2192 774 2237 immo
803 2196 930 2238 tanto
958 2194 1103 2253 magis
1131 2193 1355 2238 conducit.
1422 2191 1513 2238 Ubi
1540 2207 1637 2237 coe·
1711 2215 1716 2239 .·

199 2252 268 2309 pit
307 2253 692 2312 advesperascere,
731 2256 857 2300 iubet
897 2257 1037 2300 sterni
1078 2256 1165 2301 sibi
1205 2256 1253 2300 in
1291 2255 1438 2314 prima
1477 2255 1636 2299 domus

198 2317 345 2372 parte,
377 2317 524 2373 poscit
557 2318 821 2377 pugillares,
854 2320 1028 2377 stilum,
1060 2320 1234 2363 lumen:
1268 2333 1373 2363 suos
1407 2333 1562 2363 omnes
1591 2319 1639 2362 in

301 2417 321 2449 2
350 2413 454 2451 obse.
477 2414 738 2466 (quaestori)
761 2415 839 2453 obt.
863 2418 1042 2455 Momm.
1073 2418 1205 2454 Herm.
1229 2417 1306 2454 ΠΙ
1331 2419 1404 2454 107
1430 2417 1514 2454 eon.
1547 2417 1636 2454 Tac.
1696 2390 1716 2459 ἒ·

200 2475 291 2500 arm.
315 2464 385 2500 XI
401 2467 461 2501 21.
567 2470 613 2502 26
635 2466 871 2503 inhaerebat
885 2479 962 2514 pa.
982 2490 1026 2494 ——
1042 2467 1197 2504 timoris
1219 2478 1290 2504 om.
1314 2467 1373 2503 M.
1478 2470 1524 2503 27
1547 2465 1639 2503 soli-
1695 2468 1712 2512 -ξ

199 2513 331 2550 tudini
357 2517 409 2551 N.
436 2515 621 2553 Heinsius
646 2517 689 2553 in
717 2516 784 2554 Ου.
805 2529 895 2555 rem.
918 2520 1003 2554 301.
1109 2520 1155 2554 33
1183 2516 1225 2553 in
1252 2527 1322 2555 om.
1353 2517 1413 2562 M,
1442 2516 1494 2553 K.
1516 2518 1550 2554 Ι.
1691 2528 1709 2610 Ξ
