<?xml version="1.0" encoding="UTF-8"?>
<!DOCTYPE html PUBLIC "-//W3C//DTD XHTML 1.0 Transitional//EN"
    "http://www.w3.org/TR/xhtml1/DTD/xhtml1-transitional.dtd">
<html xmlns="http://www.w3.org/1999/xhtml" xml:lang="en" lang="en">
 <head>
  <title>
</title>
<meta http-equiv="Content-Type" content="text/html;charset=utf-8" />
  <meta name='ocr-system' content='tesseract 3.04.00' />
  <meta name='ocr-capabilities' content='ocr_page ocr_carea ocr_par ocr_line ocrx_word'/>
</head>
<body>
  <div class='ocr_page' id='page_1' title='image "./epistularumlibr00plin_0200.png"; bbox 0 0 1716 2742; ppageno 0'>
   <div class='ocr_carea' id='block_1_1' title="bbox 133 397 154 430">
    <p class='ocr_par' dir='ltr' id='par_1_1' title="bbox 133 397 154 430">
     <span class='ocr_line' id='line_1_1' title="bbox 133 397 154 430; baseline 0 0"><span class='ocrx_word' id='word_1_1' title='bbox 133 397 154 430; x_wconf 90' lang='lat'>8</span> 
     </span>
    </p>
   </div>
   <div class='ocr_carea' id='block_1_2' title="bbox 186 139 1000 191">
    <p class='ocr_par' dir='ltr' id='par_1_2' title="bbox 186 139 1000 191">
     <span class='ocr_line' id='line_1_2' title="bbox 186 139 1000 191; baseline 0 -15"><span class='ocrx_word' id='word_1_2' title='bbox 186 145 274 191; x_wconf 87' lang='lat'>184</span> <span class='ocrx_word' id='word_1_3' title='bbox 793 139 832 177; x_wconf 86' lang='lat' dir='ltr'>C.</span> <span class='ocrx_word' id='word_1_4' title='bbox 860 139 1000 176; x_wconf 80' lang='lat' dir='ltr'>PLINI</span> 
     </span>
    </p>
   </div>
   <div class='ocr_carea' id='block_1_3' title="bbox 182 254 1622 506">
    <p class='ocr_par' dir='ltr' id='par_1_3' title="bbox 182 254 1622 506">
     <span class='ocr_line' id='line_1_3' title="bbox 182 254 1620 304; baseline -0.002 0"><span class='ocrx_word' id='word_1_5' title='bbox 182 259 467 304; x_wconf 89' lang='lat' dir='ltr'>bellatorium</span> <span class='ocrx_word' id='word_1_6' title='bbox 517 257 671 302; x_wconf 90' lang='lat' dir='ltr'>stilum</span> <span class='ocrx_word' id='word_1_7' title='bbox 725 255 953 301; x_wconf 79' lang='lat' dir='ltr'><strong>suaserim.</strong></span> <span class='ocrx_word' id='word_1_8' title='bbox 1020 254 1086 301; x_wconf 90' lang='lat' dir='ltr'>Ut</span> <span class='ocrx_word' id='word_1_9' title='bbox 1131 255 1252 300; x_wconf 92' lang='lat' dir='ltr'>enim</span> <span class='ocrx_word' id='word_1_10' title='bbox 1293 258 1440 301; x_wconf 85' lang='lat' dir='ltr'>terrae</span> <span class='ocrx_word' id='word_1_11' title='bbox 1482 256 1620 301; x_wconf 85' lang='lat' dir='ltr'>variis</span> 
     </span>
     <span class='ocr_line' id='line_1_4' title="bbox 183 318 1621 380; baseline -0.001 -13"><span class='ocrx_word' id='word_1_12' title='bbox 183 323 455 380; x_wconf 70' lang='lat' dir='ltr'>mutatisque</span> <span class='ocrx_word' id='word_1_13' title='bbox 501 320 746 365; x_wconf 88' lang='lat' dir='ltr'>seminibus</span> <span class='ocrx_word' id='word_1_14' title='bbox 793 319 858 363; x_wconf 87' lang='lat' dir='ltr'>ita</span> <span class='ocrx_word' id='word_1_15' title='bbox 907 318 1090 378; x_wconf 89' lang='lat' dir='ltr'>ingenia</span> <span class='ocrx_word' id='word_1_16' title='bbox 1141 321 1299 364; x_wconf 88' lang='lat' dir='ltr'>nostra</span> <span class='ocrx_word' id='word_1_17' title='bbox 1348 334 1472 371; x_wconf 88' lang='lat' dir='ltr'>nunc</span> <span class='ocrx_word' id='word_1_18' title='bbox 1522 319 1621 379; x_wconf 87' lang='lat' dir='ltr'>hac,</span> 
     </span>
     <span class='ocr_line' id='line_1_5' title="bbox 182 381 1622 430; baseline -0.002 0"><span class='ocrx_word' id='word_1_19' title='bbox 182 401 302 430; x_wconf 88' lang='lat' dir='ltr'>nunc</span> <span class='ocrx_word' id='word_1_20' title='bbox 334 386 412 429; x_wconf 89' lang='lat' dir='ltr'>illa</span> <span class='ocrx_word' id='word_1_21' title='bbox 450 383 742 428; x_wconf 76' lang='lat' dir='ltr'>meditatione</span> <span class='ocrx_word' id='word_1_22' title='bbox 780 383 1054 427; x_wconf 87' lang='lat' dir='ltr'>recoluntur.</span> <span class='ocrx_word' id='word_1_23' title='bbox 1122 381 1241 427; x_wconf 90' lang='lat' dir='ltr'>Volo</span> <span class='ocrx_word' id='word_1_24' title='bbox 1269 381 1510 428; x_wconf 67' lang='lat' dir='ltr'>⁴interdum</span> <span class='ocrx_word' id='word_1_25' title='bbox 1542 382 1622 428; x_wconf 91' lang='lat' dir='ltr'>ali-</span> 
     </span>
     <span class='ocr_line' id='line_1_6' title="bbox 183 445 1622 506; baseline -0.001 -13"><span class='ocrx_word' id='word_1_26' title='bbox 183 464 315 506; x_wconf 87' lang='lat' dir='ltr'>quem</span> <span class='ocrx_word' id='word_1_27' title='bbox 355 463 409 492; x_wconf 87' lang='lat' dir='ltr'>ex</span> <span class='ocrx_word' id='word_1_28' title='bbox 446 446 636 491; x_wconf 87' lang='lat' dir='ltr'>historia</span> <span class='ocrx_word' id='word_1_29' title='bbox 673 446 825 490; x_wconf 89' lang='lat' dir='ltr'>locum</span> <span class='ocrx_word' id='word_1_30' title='bbox 866 445 1195 503; x_wconf 75' lang='lat' dir='ltr'>adprehendaS,</span> <span class='ocrx_word' id='word_1_31' title='bbox 1238 445 1344 491; x_wconf 81' lang='lat' dir='ltr'>volo</span> <span class='ocrx_word' id='word_1_32' title='bbox 1378 445 1622 505; x_wconf 79' lang='lat' dir='ltr'>epistulam</span> 
     </span>
    </p>
   </div>
   <div class='ocr_carea' id='block_1_4' title="bbox 138 507 1622 570">
    <p class='ocr_par' dir='ltr' id='par_1_4' title="bbox 138 507 1622 570">
     <span class='ocr_line' id='line_1_7' title="bbox 138 507 1622 570; baseline -0.001 -15"><span class='ocrx_word' id='word_1_33' title='bbox 138 534 142 538; x_wconf 25' lang='grc' dir='ltr'><strong><em>Δ</em></strong></span> <span class='ocrx_word' id='word_1_34' title='bbox 183 510 441 570; x_wconf 87' lang='lat' dir='ltr'>diligentius</span> <span class='ocrx_word' id='word_1_35' title='bbox 475 509 657 554; x_wconf 87' lang='lat' dir='ltr'>scribas.</span> <span class='ocrx_word' id='word_1_36' title='bbox 703 507 823 553; x_wconf 90' lang='lat' dir='ltr'>Nam</span> <span class='ocrx_word' id='word_1_37' title='bbox 851 524 983 567; x_wconf 85' lang='lat' dir='ltr'>saepe</span> <span class='ocrx_word' id='word_1_38' title='bbox 1010 508 1059 553; x_wconf 91' lang='lat' dir='ltr'>in</span> <span class='ocrx_word' id='word_1_39' title='bbox 1085 508 1292 554; x_wconf 88' lang='lat' dir='ltr'>oratione</span> <span class='ocrx_word' id='word_1_40' title='bbox 1319 524 1502 568; x_wconf 89' lang='lat' dir='ltr'>quoque</span> <span class='ocrx_word' id='word_1_41' title='bbox 1526 524 1622 554; x_wconf 89' lang='lat' dir='ltr'>non</span> 
     </span>
    </p>
   </div>
   <div class='ocr_carea' id='block_1_5' title="bbox 108 900 153 934">
    <p class='ocr_par' dir='ltr' id='par_1_5' title="bbox 108 900 153 934">
     <span class='ocr_line' id='line_1_8' title="bbox 108 900 153 934; baseline 0.022 -1"><span class='ocrx_word' id='word_1_42' title='bbox 108 900 153 934; x_wconf 90' lang='grc'>10</span> 
     </span>
    </p>
   </div>
   <div class='ocr_carea' id='block_1_6' title="bbox 109 1190 151 1223">
    <p class='ocr_par' dir='ltr' id='par_1_6' title="bbox 109 1190 151 1223">
     <span class='ocr_line' id='line_1_9' title="bbox 109 1190 151 1223; baseline 0 0"><span class='ocrx_word' id='word_1_43' title='bbox 109 1190 151 1223; x_wconf 94' lang='grc'>11</span> 
     </span>
    </p>
   </div>
   <div class='ocr_carea' id='block_1_7' title="bbox 112 1743 156 1775">
    <p class='ocr_par' dir='ltr' id='par_1_7' title="bbox 112 1743 156 1775">
     <span class='ocr_line' id='line_1_10' title="bbox 112 1743 156 1775; baseline 0 0"><span class='ocrx_word' id='word_1_44' title='bbox 112 1743 156 1775; x_wconf 82' lang='lat'>12</span> 
     </span>
    </p>
   </div>
   <div class='ocr_carea' id='block_1_8' title="bbox 112 1869 157 1902">
    <p class='ocr_par' dir='ltr' id='par_1_8' title="bbox 112 1869 157 1902">
     <span class='ocr_line' id='line_1_11' title="bbox 112 1869 157 1902; baseline 0 0"><span class='ocrx_word' id='word_1_45' title='bbox 112 1869 157 1902; x_wconf 86' lang='lat'>13</span> 
     </span>
    </p>
   </div>
   <div class='ocr_carea' id='block_1_9' title="bbox 111 2058 158 2090">
    <p class='ocr_par' dir='ltr' id='par_1_9' title="bbox 111 2058 158 2090">
     <span class='ocr_line' id='line_1_12' title="bbox 111 2058 158 2090; baseline 0 0"><span class='ocrx_word' id='word_1_46' title='bbox 111 2058 158 2090; x_wconf 84' lang='lat'>14</span> 
     </span>
    </p>
   </div>
   <div class='ocr_carea' id='block_1_10' title="bbox 181 571 1622 758">
    <p class='ocr_par' dir='ltr' id='par_1_10' title="bbox 181 571 1622 758">
     <span class='ocr_line' id='line_1_13' title="bbox 181 571 1622 631; baseline 0 -13"><span class='ocrx_word' id='word_1_47' title='bbox 181 574 394 618; x_wconf 89' lang='lat' dir='ltr'>historica</span> <span class='ocrx_word' id='word_1_48' title='bbox 432 573 587 630; x_wconf 91' lang='lat' dir='ltr'>modo,</span> <span class='ocrx_word' id='word_1_49' title='bbox 626 572 702 617; x_wconf 90' lang='lat' dir='ltr'>sed</span> <span class='ocrx_word' id='word_1_50' title='bbox 745 587 888 630; x_wconf 86' lang='lat' dir='ltr'>prope</span> <span class='ocrx_word' id='word_1_51' title='bbox 926 571 1106 630; x_wconf 69' lang='lat' dir='ltr'>poetica</span> <span class='ocrx_word' id='word_1_52' title='bbox 1146 571 1504 631; x_wconf 80' lang='lat' dir='ltr'>descriptionum</span> <span class='ocrx_word' id='word_1_53' title='bbox 1545 588 1622 618; x_wconf 91' lang='lat' dir='ltr'>ne-</span> 
     </span>
     <span class='ocr_line' id='line_1_14' title="bbox 182 635 1621 695; baseline 0 -14"><span class='ocrx_word' id='word_1_54' title='bbox 182 638 362 681; x_wconf 82' lang='lat' dir='ltr'>cessitas</span> <span class='ocrx_word' id='word_1_55' title='bbox 396 635 572 694; x_wconf 79' lang='lat' dir='ltr'>incidit,</span> <span class='ocrx_word' id='word_1_56' title='bbox 607 638 653 680; x_wconf 90' lang='lat' dir='ltr'>et</span> <span class='ocrx_word' id='word_1_57' title='bbox 677 650 859 694; x_wconf 88' lang='lat' dir='ltr'>pressus</span> <span class='ocrx_word' id='word_1_58' title='bbox 893 650 1040 680; x_wconf 87' lang='lat' dir='ltr'>sermo</span> <span class='ocrx_word' id='word_1_59' title='bbox 1068 639 1302 694; x_wconf 79' lang='lat' dir='ltr'>purusque</span> <span class='ocrx_word' id='word_1_60' title='bbox 1329 651 1386 680; x_wconf 88' lang='lat' dir='ltr'>ex</span> <span class='ocrx_word' id='word_1_61' title='bbox 1412 636 1621 695; x_wconf 79' lang='lat' dir='ltr'>epistulis</span> 
     </span>
     <span class='ocr_line' id='line_1_15' title="bbox 181 698 1621 758; baseline 0 -14"><span class='ocrx_word' id='word_1_62' title='bbox 181 700 358 758; x_wconf 91' lang='lat' dir='ltr'>petitur.</span> <span class='ocrx_word' id='word_1_63' title='bbox 405 698 491 744; x_wconf 87' lang='lat' dir='ltr'>Fas</span> <span class='ocrx_word' id='word_1_64' title='bbox 526 701 594 743; x_wconf 87' lang='lat' dir='ltr'>est</span> <span class='ocrx_word' id='word_1_65' title='bbox 627 700 671 743; x_wconf 87' lang='lat' dir='ltr'>et</span> <span class='ocrx_word' id='word_1_66' title='bbox 704 698 900 744; x_wconf 82' lang='lat' dir='ltr'>carmine</span> <span class='ocrx_word' id='word_1_67' title='bbox 933 698 1124 756; x_wconf 88' lang='lat' dir='ltr'>remitti,</span> <span class='ocrx_word' id='word_1_68' title='bbox 1150 713 1246 743; x_wconf 88' lang='lat' dir='ltr'>non</span> <span class='ocrx_word' id='word_1_69' title='bbox 1271 698 1374 744; x_wconf 90' lang='lat' dir='ltr'>dico</span> <span class='ocrx_word' id='word_1_70' title='bbox 1402 698 1621 745; x_wconf 87' lang='lat' dir='ltr'>continuo</span> 
     </span>
    </p>
   </div>
   <div class='ocr_carea' id='block_1_11' title="bbox 180 759 1698 822">
    <p class='ocr_par' dir='ltr' id='par_1_11' title="bbox 180 759 1698 822">
     <span class='ocr_line' id='line_1_16' title="bbox 180 759 1698 822; baseline 0 -15"><span class='ocrx_word' id='word_1_71' title='bbox 180 766 225 807; x_wconf 92' lang='lat' dir='ltr'>et</span> <span class='ocrx_word' id='word_1_72' title='bbox 255 763 393 822; x_wconf 89' lang='lat' dir='ltr'>longo</span> <span class='ocrx_word' id='word_1_73' title='bbox 427 761 494 822; x_wconf 87' lang='lat' dir='ltr'>(id</span> <span class='ocrx_word' id='word_1_74' title='bbox 528 761 647 806; x_wconf 88' lang='lat' dir='ltr'>enim</span> <span class='ocrx_word' id='word_1_75' title='bbox 681 762 838 820; x_wconf 82' lang='lat' dir='ltr'>p&#39;erfici</span> <span class='ocrx_word' id='word_1_76' title='bbox 870 762 960 807; x_wconf 89' lang='lat' dir='ltr'>nisi</span> <span class='ocrx_word' id='word_1_77' title='bbox 993 762 1041 806; x_wconf 90' lang='lat' dir='ltr'>in</span> <span class='ocrx_word' id='word_1_78' title='bbox 1074 762 1169 807; x_wconf 93' lang='lat' dir='ltr'>otio</span> <span class='ocrx_word' id='word_1_79' title='bbox 1202 760 1297 807; x_wconf 76' lang='lat' dir='ltr'>n&#39;on</span> <span class='ocrx_word' id='word_1_80' title='bbox 1329 759 1516 822; x_wconf 82' lang='lat' dir='ltr'>potest),</span> <span class='ocrx_word' id='word_1_81' title='bbox 1544 762 1623 808; x_wconf 89' lang='lat' dir='ltr'>sed</span> <span class='ocrx_word' id='word_1_82' title='bbox 1693 762 1698 767; x_wconf 79' lang='grc'><strong>’</strong></span> 
     </span>
    </p>
   </div>
   <div class='ocr_carea' id='block_1_12' title="bbox 179 825 1623 1138">
    <p class='ocr_par' dir='ltr' id='par_1_12' title="bbox 179 825 1623 1138">
     <span class='ocr_line' id='line_1_17' title="bbox 179 825 1623 885; baseline 0.001 -15"><span class='ocrx_word' id='word_1_83' title='bbox 179 826 266 871; x_wconf 90' lang='lat' dir='ltr'>hoc</span> <span class='ocrx_word' id='word_1_84' title='bbox 305 828 465 884; x_wconf 90' lang='lat' dir='ltr'>arguto</span> <span class='ocrx_word' id='word_1_85' title='bbox 508 830 552 870; x_wconf 84' lang='lat' dir='ltr'>et</span> <span class='ocrx_word' id='word_1_86' title='bbox 591 825 735 883; x_wconf 83' lang='lat' dir='ltr'>brevi,</span> <span class='ocrx_word' id='word_1_87' title='bbox 770 825 891 883; x_wconf 90' lang='lat' dir='ltr'>quod</span> <span class='ocrx_word' id='word_1_88' title='bbox 925 828 1030 884; x_wconf 84' lang='lat' dir='ltr'>apte</span> <span class='ocrx_word' id='word_1_89' title='bbox 1064 828 1257 884; x_wconf 88' lang='lat' dir='ltr'>quantas</span> <span class='ocrx_word' id='word_1_90' title='bbox 1283 825 1399 871; x_wconf 90' lang='lat' dir='ltr'>libet</span> <span class='ocrx_word' id='word_1_91' title='bbox 1431 840 1623 885; x_wconf 86' lang='lat' dir='ltr'>occupa-</span> 
     </span>
     <span class='ocr_line' id='line_1_18' title="bbox 179 887 1623 948; baseline 0 -15"><span class='ocrx_word' id='word_1_92' title='bbox 179 890 324 934; x_wconf 87' lang='lat' dir='ltr'>tiones</span> <span class='ocrx_word' id='word_1_93' title='bbox 372 903 591 946; x_wconf 86' lang='lat' dir='ltr'>curasque</span> <span class='ocrx_word' id='word_1_94' title='bbox 638 888 888 948; x_wconf 85' lang='lat' dir='ltr'>distinguit.</span> <span class='ocrx_word' id='word_1_95' title='bbox 961 887 1109 933; x_wconf 90' lang='lat' dir='ltr'>Lusus</span> <span class='ocrx_word' id='word_1_96' title='bbox 1155 891 1396 948; x_wconf 83' lang='lat' dir='ltr'>vocantur3</span> <span class='ocrx_word' id='word_1_97' title='bbox 1443 889 1522 935; x_wconf 86' lang='lat' dir='ltr'>sed</span> <span class='ocrx_word' id='word_1_98' title='bbox 1572 889 1623 934; x_wconf 90' lang='lat' dir='ltr'>hi</span> 
     </span>
     <span class='ocr_line' id='line_1_19' title="bbox 179 951 1623 1012; baseline 0.001 -16"><span class='ocrx_word' id='word_1_99' title='bbox 179 953 303 997; x_wconf 87' lang='lat' dir='ltr'>lusus</span> <span class='ocrx_word' id='word_1_100' title='bbox 337 967 430 997; x_wconf 90' lang='lat' dir='ltr'>non</span> <span class='ocrx_word' id='word_1_101' title='bbox 463 952 682 996; x_wconf 88' lang='lat' dir='ltr'>minorem</span> <span class='ocrx_word' id='word_1_102' title='bbox 716 952 942 996; x_wconf 89' lang='lat' dir='ltr'>interdum</span> <span class='ocrx_word' id='word_1_103' title='bbox 970 951 1162 1012; x_wconf 87' lang='lat' dir='ltr'>gloriam</span> <span class='ocrx_word' id='word_1_104' title='bbox 1197 967 1334 1011; x_wconf 91' lang='lat' dir='ltr'>quam</span> <span class='ocrx_word' id='word_1_105' title='bbox 1369 953 1486 998; x_wconf 83' lang='lat' dir='ltr'>seria</span> <span class='ocrx_word' id='word_1_106' title='bbox 1518 967 1623 998; x_wconf 89' lang='lat' dir='ltr'>con-</span> 
     </span>
     <span class='ocr_line' id='line_1_20' title="bbox 181 1013 1622 1075; baseline 0.001 -16"><span class='ocrx_word' id='word_1_107' title='bbox 181 1018 410 1074; x_wconf 81' lang='lat' dir='ltr'>secuntur3</span> <span class='ocrx_word' id='word_1_108' title='bbox 443 1017 578 1073; x_wconf 89' lang='lat' dir='ltr'>atque</span> <span class='ocrx_word' id='word_1_109' title='bbox 612 1015 722 1060; x_wconf 91' lang='lat' dir='ltr'>adeo</span> <span class='ocrx_word' id='word_1_110' title='bbox 758 1013 859 1075; x_wconf 87' lang='lat' dir='ltr'>(cur</span> <span class='ocrx_word' id='word_1_111' title='bbox 886 1015 1006 1060; x_wconf 89' lang='lat' dir='ltr'>enim</span> <span class='ocrx_word' id='word_1_112' title='bbox 1040 1019 1085 1060; x_wconf 92' lang='lat' dir='ltr'>te</span> <span class='ocrx_word' id='word_1_113' title='bbox 1119 1015 1174 1060; x_wconf 90' lang='lat' dir='ltr'>ad</span> <span class='ocrx_word' id='word_1_114' title='bbox 1209 1030 1366 1061; x_wconf 87' lang='lat' dir='ltr'>versus</span> <span class='ocrx_word' id='word_1_115' title='bbox 1399 1031 1509 1061; x_wconf 91' lang='lat' dir='ltr'>non·</span> <span class='ocrx_word' id='word_1_116' title='bbox 1525 1032 1622 1061; x_wconf 80' lang='lat' dir='ltr'>ver-</span> 
     </span>
     <span class='ocr_line' id='line_1_21' title="bbox 181 1076 600 1138; baseline 0 -16"><span class='ocrx_word' id='word_1_117' title='bbox 181 1078 304 1123; x_wconf 89' lang='lat' dir='ltr'>sibus</span> <span class='ocrx_word' id='word_1_118' title='bbox 338 1076 600 1138; x_wconf 79' lang='lat' dir='ltr'>adhorter?)</span> 
     </span>
    </p>
   </div>
   <div class='ocr_carea' id='block_1_13' title="bbox 181 1179 1623 1681">
    <p class='ocr_par' dir='ltr' id='par_1_13' title="bbox 181 1179 1623 1303">
     <span class='ocr_line' id='line_1_22' title="bbox 181 1179 1623 1239; baseline 0.002 -16"><span class='ocrx_word' id='word_1_119' title='bbox 181 1181 241 1223; x_wconf 91' lang='lat' dir='ltr'>ut</span> <span class='ocrx_word' id='word_1_120' title='bbox 272 1180 399 1223; x_wconf 90' lang='lat' dir='ltr'>laus</span> <span class='ocrx_word' id='word_1_121' title='bbox 433 1182 520 1224; x_wconf 86' lang='lat' dir='ltr'>est</span> <span class='ocrx_word' id='word_1_122' title='bbox 553 1195 739 1237; x_wconf 89' lang='lat' dir='ltr'>cerae,</span> <span class='ocrx_word' id='word_1_123' title='bbox 772 1179 969 1225; x_wconf 89' lang='lat' dir='ltr'>mollis</span> <span class='ocrx_word' id='word_1_124' title='bbox 1004 1180 1334 1238; x_wconf 87' lang='lat' dir='ltr'>cedensque</span> <span class='ocrx_word' id='word_1_125' title='bbox 1362 1183 1623 1239; x_wconf 84' lang='lat' dir='ltr'>sequatur</span> 
     </span>
     <span class='ocr_line' id='line_1_23' title="bbox 243 1242 1424 1303; baseline 0.003 -17"><span class='ocrx_word' id='word_1_126' title='bbox 243 1243 291 1286; x_wconf 91' lang='lat' dir='ltr'>si</span> <span class='ocrx_word' id='word_1_127' title='bbox 325 1243 528 1287; x_wconf 90' lang='lat' dir='ltr'>doctos</span> <span class='ocrx_word' id='word_1_128' title='bbox 563 1242 787 1302; x_wconf 88' lang='lat' dir='ltr'>digitos</span> <span class='ocrx_word' id='word_1_129' title='bbox 821 1243 1100 1302; x_wconf 88' lang='lat' dir='ltr'>iussaque</span> <span class='ocrx_word' id='word_1_130' title='bbox 1134 1243 1248 1288; x_wconf 87' lang='lat' dir='ltr'>fiat</span> <span class='ocrx_word' id='word_1_131' title='bbox 1281 1259 1424 1303; x_wconf 88' lang='lat' dir='ltr'>opus</span> 
     </span>
    </p>

    <p class='ocr_par' dir='ltr' id='par_1_14' title="bbox 181 1305 1623 1430">
     <span class='ocr_line' id='line_1_24' title="bbox 181 1305 1623 1364; baseline 0.003 -15"><span class='ocrx_word' id='word_1_132' title='bbox 181 1305 1623 1364; x_wconf 85' lang='lat' dir='ltr'>etnuncinformetMartemcastamveMinervam,</span> 
     </span>
     <span class='ocr_line' id='line_1_25' title="bbox 242 1367 1623 1430; baseline 0.002 -17"><span class='ocrx_word' id='word_1_133' title='bbox 242 1384 390 1414; x_wconf 90' lang='lat' dir='ltr'>nunc</span> <span class='ocrx_word' id='word_1_134' title='bbox 407 1367 683 1414; x_wconf 89' lang='lat' dir='ltr'>Venerem</span> <span class='ocrx_word' id='word_1_135' title='bbox 707 1369 952 1430; x_wconf 86' lang='lat' dir='ltr'>effingat,</span> <span class='ocrx_word' id='word_1_136' title='bbox 973 1386 1114 1416; x_wconf 91' lang='lat' dir='ltr'>nunc</span> <span class='ocrx_word' id='word_1_137' title='bbox 1135 1370 1364 1416; x_wconf 89' lang='lat' dir='ltr'>Veneris</span> <span class='ocrx_word' id='word_1_138' title='bbox 1385 1387 1623 1430; x_wconf 88' lang='lat' dir='ltr'>puerum,</span> 
     </span>
    </p>

    <p class='ocr_par' dir='ltr' id='par_1_15' title="bbox 181 1432 1566 1556">
     <span class='ocr_line' id='line_1_26' title="bbox 181 1432 1566 1493; baseline 0.004 -18"><span class='ocrx_word' id='word_1_139' title='bbox 181 1434 346 1490; x_wconf 90' lang='lat' dir='ltr'>utque</span> <span class='ocrx_word' id='word_1_140' title='bbox 381 1432 520 1477; x_wconf 88' lang='lat' dir='ltr'>sacri</span> <span class='ocrx_word' id='word_1_141' title='bbox 553 1432 734 1477; x_wconf 85' lang='lat' dir='ltr'>fontes</span> <span class='ocrx_word' id='word_1_142' title='bbox 767 1449 873 1478; x_wconf 90' lang='lat' dir='ltr'>non</span> <span class='ocrx_word' id='word_1_143' title='bbox 906 1434 1022 1478; x_wconf 92' lang='lat' dir='ltr'>sola</span> <span class='ocrx_word' id='word_1_144' title='bbox 1056 1433 1308 1479; x_wconf 89' lang='lat' dir='ltr'>incendia</span> <span class='ocrx_word' id='word_1_145' title='bbox 1341 1434 1566 1493; x_wconf 87' lang='lat' dir='ltr'>sistunt,</span> 
     </span>
     <span class='ocr_line' id='line_1_27' title="bbox 245 1495 1535 1556; baseline 0.004 -18"><span class='ocrx_word' id='word_1_146' title='bbox 245 1510 399 1553; x_wconf 85' lang='lat' dir='ltr'>saepe</span> <span class='ocrx_word' id='word_1_147' title='bbox 433 1495 591 1540; x_wconf 85' lang='lat' dir='ltr'>etiarn</span> <span class='ocrx_word' id='word_1_148' title='bbox 626 1495 795 1540; x_wconf 86' lang='lat' dir='ltr'>flores</span> <span class='ocrx_word' id='word_1_149' title='bbox 830 1513 1102 1556; x_wconf 84' lang='lat' dir='ltr'>vernaque</span> <span class='ocrx_word' id='word_1_150' title='bbox 1136 1501 1293 1556; x_wconf 86' lang='lat' dir='ltr'>prata</span> <span class='ocrx_word' id='word_1_151' title='bbox 1324 1498 1535 1556; x_wconf 87' lang='lat' dir='ltr'>lavant,</span> 
     </span>
    </p>

    <p class='ocr_par' dir='ltr' id='par_1_16' title="bbox 185 1557 1621 1681">
     <span class='ocr_line' id='line_1_28' title="bbox 185 1557 1621 1620; baseline 0.004 -19"><span class='ocrx_word' id='word_1_152' title='bbox 185 1557 259 1602; x_wconf 89' lang='lat' dir='ltr'>sic</span> <span class='ocrx_word' id='word_1_153' title='bbox 290 1558 566 1603; x_wconf 91' lang='lat' dir='ltr'>hominum</span> <span class='ocrx_word' id='word_1_154' title='bbox 599 1558 874 1618; x_wconf 90' lang='lat' dir='ltr'>ingenium</span> <span class='ocrx_word' id='word_1_155' title='bbox 910 1560 1067 1606; x_wconf 86' lang='lat' dir='ltr'>flecti</span> <span class='ocrx_word' id='word_1_156' title='bbox 1095 1561 1329 1620; x_wconf 89' lang='lat' dir='ltr'>ducique</span> <span class='ocrx_word' id='word_1_157' title='bbox 1357 1577 1452 1620; x_wconf 90' lang='lat' dir='ltr'>per</span> <span class='ocrx_word' id='word_1_158' title='bbox 1478 1564 1621 1607; x_wconf 88' lang='lat' dir='ltr'>artes</span> 
     </span>
     <span class='ocr_line' id='line_1_29' title="bbox 245 1621 1318 1681; baseline 0.006 -17"><span class='ocrx_word' id='word_1_159' title='bbox 245 1636 349 1665; x_wconf 89' lang='lat' dir='ltr'>non</span> <span class='ocrx_word' id='word_1_160' title='bbox 380 1621 584 1681; x_wconf 85' lang='lat' dir='ltr'>rigidas</span> <span class='ocrx_word' id='word_1_161' title='bbox 619 1622 776 1667; x_wconf 90' lang='lat' dir='ltr'>docta</span> <span class='ocrx_word' id='word_1_162' title='bbox 809 1624 1118 1669; x_wconf 89' lang='lat' dir='ltr'>mobilitate</span> <span class='ocrx_word' id='word_1_163' title='bbox 1152 1624 1318 1670; x_wconf 87' lang='lat' dir='ltr'>decet.</span> 
     </span>
    </p>
   </div>
   <div class='ocr_carea' id='block_1_14' title="bbox 184 1732 1626 2177">
    <p class='ocr_par' dir='ltr' id='par_1_17' title="bbox 184 1732 1626 2177">
     <span class='ocr_line' id='line_1_30' title="bbox 185 1732 1624 1794; baseline 0.005 -18"><span class='ocrx_word' id='word_1_164' title='bbox 185 1732 340 1790; x_wconf 92' lang='lat' dir='ltr'>Itaque</span> <span class='ocrx_word' id='word_1_165' title='bbox 380 1736 542 1779; x_wconf 87' lang='lat' dir='ltr'>summi</span> <span class='ocrx_word' id='word_1_166' title='bbox 582 1740 800 1794; x_wconf 87' lang='lat' dir='ltr'>oratores,</span> <span class='ocrx_word' id='word_1_167' title='bbox 840 1738 1006 1782; x_wconf 87' lang='lat' dir='ltr'>summi</span> <span class='ocrx_word' id='word_1_168' title='bbox 1047 1739 1184 1783; x_wconf 90' lang='lat' dir='ltr'>etiam</span> <span class='ocrx_word' id='word_1_169' title='bbox 1224 1738 1311 1782; x_wconf 83' lang='lat' dir='ltr'>viri</span> <span class='ocrx_word' id='word_1_170' title='bbox 1351 1738 1417 1783; x_wconf 81' lang='lat' dir='ltr'>sic</span> <span class='ocrx_word' id='word_1_171' title='bbox 1457 1753 1505 1783; x_wconf 87' lang='lat' dir='ltr'>se</span> <span class='ocrx_word' id='word_1_172' title='bbox 1544 1741 1624 1783; x_wconf 84' lang='lat' dir='ltr'>aut</span> 
     </span>
     <span class='ocr_line' id='line_1_31' title="bbox 185 1796 1624 1858; baseline 0.006 -19"><span class='ocrx_word' id='word_1_173' title='bbox 185 1796 450 1841; x_wconf 85' lang='lat' dir='ltr'>exercebant</span> <span class='ocrx_word' id='word_1_174' title='bbox 487 1801 565 1843; x_wconf 86' lang='lat' dir='ltr'>aut</span> <span class='ocrx_word' id='word_1_175' title='bbox 604 1800 904 1858; x_wconf 81' lang='lat' dir='ltr'>delectabant,</span> <span class='ocrx_word' id='word_1_176' title='bbox 946 1802 1087 1846; x_wconf 91' lang='lat' dir='ltr'>immo</span> <span class='ocrx_word' id='word_1_177' title='bbox 1122 1801 1409 1847; x_wconf 90' lang='lat' dir='ltr'>delectabant</span> <span class='ocrx_word' id='word_1_178' title='bbox 1448 1817 1624 1847; x_wconf 84' lang='lat' dir='ltr'>exerce-</span> 
     </span>
     <span class='ocr_line' id='line_1_32' title="bbox 184 1858 1623 1924; baseline 0.007 -23"><span class='ocrx_word' id='word_1_179' title='bbox 184 1858 392 1917; x_wconf 91' lang='lat' dir='ltr'>bantque.</span> <span class='ocrx_word' id='word_1_180' title='bbox 457 1860 576 1905; x_wconf 90' lang='lat' dir='ltr'>Nam</span> <span class='ocrx_word' id='word_1_181' title='bbox 622 1863 786 1908; x_wconf 93' lang='lat' dir='ltr'>mirum</span> <span class='ocrx_word' id='word_1_182' title='bbox 834 1867 920 1922; x_wconf 88' lang='lat' dir='ltr'>est,</span> <span class='ocrx_word' id='word_1_183' title='bbox 966 1867 1017 1909; x_wconf 93' lang='lat' dir='ltr'>ut</span> <span class='ocrx_word' id='word_1_184' title='bbox 1056 1865 1127 1910; x_wconf 91' lang='lat' dir='ltr'>his</span> <span class='ocrx_word' id='word_1_185' title='bbox 1169 1865 1403 1924; x_wconf 84' lang='lat' dir='ltr'>opusculis</span> <span class='ocrx_word' id='word_1_186' title='bbox 1444 1864 1623 1910; x_wconf 88' lang='lat' dir='ltr'>animus</span> 
     </span>
     <span class='ocr_line' id='line_1_33' title="bbox 185 1921 1626 1989; baseline 0.005 -24"><span class='ocrx_word' id='word_1_187' title='bbox 185 1921 462 1981; x_wconf 89' lang='lat' dir='ltr'>intendatur,</span> <span class='ocrx_word' id='word_1_188' title='bbox 500 1925 767 1970; x_wconf 87' lang='lat' dir='ltr'>remittatur.</span> <span class='ocrx_word' id='word_1_189' title='bbox 832 1927 1076 1986; x_wconf 86' lang='lat' dir='ltr'>Recipiunt</span> <span class='ocrx_word' id='word_1_190' title='bbox 1116 1928 1236 1973; x_wconf 88' lang='lat' dir='ltr'>enim</span> <span class='ocrx_word' id='word_1_191' title='bbox 1277 1943 1474 1989; x_wconf 77' lang='lat' dir='ltr'>amores,</span> <span class='ocrx_word' id='word_1_192' title='bbox 1508 1927 1626 1986; x_wconf 88' lang='lat' dir='ltr'>odia,</span> 
     </span>
     <span class='ocr_line' id='line_1_34' title="bbox 185 1985 1624 2051; baseline 0.008 -24"><span class='ocrx_word' id='word_1_193' title='bbox 185 1985 293 2042; x_wconf 87' lang='lat' dir='ltr'>iras,</span> <span class='ocrx_word' id='word_1_194' title='bbox 325 1985 695 2047; x_wconf 88' lang='lat' dir='ltr'>misericordiam,</span> <span class='ocrx_word' id='word_1_195' title='bbox 728 1990 1049 2049; x_wconf 86' lang='lat' dir='ltr'>urbanitatem,</span> <span class='ocrx_word' id='word_1_196' title='bbox 1082 1992 1235 2036; x_wconf 91' lang='lat' dir='ltr'>omnia</span> <span class='ocrx_word' id='word_1_197' title='bbox 1268 1991 1482 2051; x_wconf 89' lang='lat' dir='ltr'>denique,</span> <span class='ocrx_word' id='word_1_198' title='bbox 1509 2007 1624 2050; x_wconf 85' lang='lat' dir='ltr'>quae</span> 
     </span>
     <span class='ocr_line' id='line_1_35' title="bbox 186 2047 1626 2113; baseline 0.007 -23"><span class='ocrx_word' id='word_1_199' title='bbox 186 2047 233 2091; x_wconf 90' lang='lat' dir='ltr'>in</span> <span class='ocrx_word' id='word_1_200' title='bbox 264 2047 358 2092; x_wconf 85' lang='lat' dir='ltr'>vita</span> <span class='ocrx_word' id='word_1_201' title='bbox 391 2051 524 2106; x_wconf 91' lang='lat' dir='ltr'>atque</span> <span class='ocrx_word' id='word_1_202' title='bbox 558 2051 692 2095; x_wconf 91' lang='lat' dir='ltr'>etiam</span> <span class='ocrx_word' id='word_1_203' title='bbox 728 2053 774 2096; x_wconf 91' lang='lat' dir='ltr'>in</span> <span class='ocrx_word' id='word_1_204' title='bbox 806 2053 906 2098; x_wconf 87' lang='lat' dir='ltr'>foro</span> <span class='ocrx_word' id='word_1_205' title='bbox 942 2055 1178 2113; x_wconf 90' lang='lat' dir='ltr'>causisque</span> <span class='ocrx_word' id='word_1_206' title='bbox 1204 2057 1453 2101; x_wconf 85' lang='lat' dir='ltr'>versantur.</span> <span class='ocrx_word' id='word_1_207' title='bbox 1500 2053 1626 2101; x_wconf 88' lang='lat' dir='ltr'>Inest</span> 
     </span>
     <span class='ocr_line' id='line_1_36' title="bbox 185 2110 1624 2177; baseline 0.008 -24"><span class='ocrx_word' id='word_1_208' title='bbox 185 2110 255 2154; x_wconf 88' lang='lat' dir='ltr'>his</span> <span class='ocrx_word' id='word_1_209' title='bbox 290 2126 469 2169; x_wconf 91' lang='lat' dir='ltr'>quoque</span> <span class='ocrx_word' id='word_1_210' title='bbox 503 2113 655 2158; x_wconf 88' lang='lat' dir='ltr'>eadem</span> <span class='ocrx_word' id='word_1_211' title='bbox 691 2130 803 2172; x_wconf 92' lang='lat' dir='ltr'>quae</span> <span class='ocrx_word' id='word_1_212' title='bbox 837 2117 935 2161; x_wconf 86' lang='lat' dir='ltr'>aliis</span> <span class='ocrx_word' id='word_1_213' title='bbox 964 2118 1239 2163; x_wconf 90' lang='lat' dir='ltr'>carminibus</span> <span class='ocrx_word' id='word_1_214' title='bbox 1273 2118 1466 2177; x_wconf 83' lang='lat' dir='ltr'>utilitas,</span> <span class='ocrx_word' id='word_1_215' title='bbox 1502 2119 1624 2177; x_wconf 91' lang='lat' dir='ltr'>quod</span> 
     </span>
    </p>
   </div>
   <div class='ocr_carea' id='block_1_15' title="bbox 185 2189 484 2194">
    <p class='ocr_par' dir='ltr' id='par_1_18' title="bbox 185 2189 484 2194">
     <span class='ocr_line' id='line_1_37' title="bbox 185 2189 484 2194; baseline 0 0"><span class='ocrx_word' id='word_1_216' title='bbox 185 2189 484 2194; x_wconf 95' lang='lat' dir='ltr'> </span> 
     </span>
    </p>
   </div>
   <div class='ocr_carea' id='block_1_16' title="bbox 185 2234 1624 2492">
    <p class='ocr_par' dir='ltr' id='par_1_19' title="bbox 185 2234 1624 2492">
     <span class='ocr_line' id='line_1_38' title="bbox 288 2234 1624 2289; baseline 0.008 -19"><span class='ocrx_word' id='word_1_217' title='bbox 288 2237 309 2270; x_wconf 85' lang='lat'><strong>3</strong></span> <span class='ocrx_word' id='word_1_218' title='bbox 336 2234 430 2271; x_wconf 88' lang='lat' dir='ltr'>illac</span> <span class='ocrx_word' id='word_1_219' title='bbox 457 2236 588 2283; x_wconf 78' lang='lat' dir='ltr'>Dpa,</span> <span class='ocrx_word' id='word_1_220' title='bbox 615 2239 681 2275; x_wconf 81' lang='lat' dir='ltr'>sed</span> <span class='ocrx_word' id='word_1_221' title='bbox 708 2239 756 2284; x_wconf 81' lang='lat' dir='ltr'>cf.</span> <span class='ocrx_word' id='word_1_222' title='bbox 779 2241 826 2276; x_wconf 92' lang='grc' dir='ltr'>ΙΙ</span> <span class='ocrx_word' id='word_1_223' title='bbox 845 2244 902 2285; x_wconf 82' lang='lat'>17,</span> <span class='ocrx_word' id='word_1_224' title='bbox 924 2245 994 2286; x_wconf 82' lang='grc'><em>18,·</em></span> <span class='ocrx_word' id='word_1_225' title='bbox 1023 2243 1134 2280; x_wconf 88' lang='lat' dir='ltr'><em>VIII</em></span> <span class='ocrx_word' id='word_1_226' title='bbox 1147 2246 1210 2289; x_wconf 78' lang='lat'>20,</span> <span class='ocrx_word' id='word_1_227' title='bbox 1233 2247 1267 2281; x_wconf 80' lang='lat'>7.</span> <span class='ocrx_word' id='word_1_228' title='bbox 1392 2247 1414 2281; x_wconf 84' lang='lat'>5</span> <span class='ocrx_word' id='word_1_229' title='bbox 1443 2242 1624 2281; x_wconf 85' lang='lat' dir='ltr'>oratione</span> 
     </span>
     <span class='ocr_line' id='line_1_39' title="bbox 185 2285 1623 2340; baseline 0.008 -19"><span class='ocrx_word' id='word_1_230' title='bbox 185 2293 251 2331; x_wconf 78' lang='grc' dir='ltr'>νς,</span> <span class='ocrx_word' id='word_1_231' title='bbox 280 2285 332 2322; x_wconf 89' lang='lat' dir='ltr'>K.</span> <span class='ocrx_word' id='word_1_232' title='bbox 356 2286 404 2322; x_wconf 92' lang='grc' dir='ltr'>ΙΙ</span> <span class='ocrx_word' id='word_1_233' title='bbox 426 2286 540 2333; x_wconf 77' lang='lat' dir='ltr'>(disp.</span> <span class='ocrx_word' id='word_1_234' title='bbox 570 2288 617 2324; x_wconf 92' lang='grc' dir='ltr'>ΙΙ</span> <span class='ocrx_word' id='word_1_235' title='bbox 644 2291 722 2336; x_wconf 77' lang='lat'>14),</span> <span class='ocrx_word' id='word_1_236' title='bbox 756 2290 951 2328; x_wconf 84' lang='lat' dir='ltr'>orationes</span> <span class='ocrx_word' id='word_1_237' title='bbox 981 2293 1136 2339; x_wconf 86' lang='lat' dir='ltr'>MDa,</span> <span class='ocrx_word' id='word_1_238' title='bbox 1167 2294 1217 2330; x_wconf 87' lang='lat' dir='ltr'>K.</span> <span class='ocrx_word' id='word_1_239' title='bbox 1247 2295 1281 2340; x_wconf 82' lang='grc' dir='ltr'>Ι,</span> <span class='ocrx_word' id='word_1_240' title='bbox 1311 2293 1429 2332; x_wconf 77' lang='lat' dir='ltr'>Gertz</span> <span class='ocrx_word' id='word_1_241' title='bbox 1455 2294 1510 2332; x_wconf 81' lang='lat' dir='ltr'>ad</span> <span class='ocrx_word' id='word_1_242' title='bbox 1535 2292 1623 2332; x_wconf 67' lang='lat' dir='ltr'>Seu.</span> 
     </span>
     <span class='ocr_line' id='line_1_40' title="bbox 185 2335 1622 2392; baseline 0.007 -21"><span class='ocrx_word' id='word_1_243' title='bbox 185 2335 278 2372; x_wconf 77' lang='lat' dir='ltr'>dial.</span> <span class='ocrx_word' id='word_1_244' title='bbox 316 2336 375 2373; x_wconf 91' lang='lat' dir='ltr'>VI</span> <span class='ocrx_word' id='word_1_245' title='bbox 397 2340 454 2382; x_wconf 80' lang='lat'>11,</span> <span class='ocrx_word' id='word_1_246' title='bbox 484 2341 516 2373; x_wconf 87' lang='lat'>1.</span> <span class='ocrx_word' id='word_1_247' title='bbox 659 2343 680 2376; x_wconf 85' lang='grc'><strong>6</strong></span> <span class='ocrx_word' id='word_1_248' title='bbox 707 2339 984 2379; x_wconf 86' lang='lat' dir='ltr'>historicarum</span> <span class='ocrx_word' id='word_1_249' title='bbox 1013 2355 1063 2380; x_wconf 91' lang='lat' dir='ltr'>m.</span> <span class='ocrx_word' id='word_1_250' title='bbox 1085 2355 1114 2381; x_wconf 90' lang='lat' dir='ltr'>s.</span> <span class='ocrx_word' id='word_1_251' title='bbox 1137 2357 1194 2391; x_wconf 86' lang='lat' dir='ltr'>pr.</span> <span class='ocrx_word' id='word_1_252' title='bbox 1218 2344 1467 2392; x_wconf 84' lang='lat' dir='ltr'>poeticarum</span> <span class='ocrx_word' id='word_1_253' title='bbox 1496 2343 1622 2383; x_wconf 77' lang='lat' dir='ltr'>Gertz.</span> 
     </span>
     <span class='ocr_line' id='line_1_41' title="bbox 187 2385 1623 2443; baseline 0.008 -22"><span class='ocrx_word' id='word_1_254' title='bbox 187 2389 233 2422; x_wconf 85' lang='lat'>15</span> <span class='ocrx_word' id='word_1_255' title='bbox 267 2385 353 2423; x_wconf 84' lang='lat' dir='ltr'>vide</span> <span class='ocrx_word' id='word_1_256' title='bbox 379 2386 417 2423; x_wconf 92' lang='lat' dir='ltr'>J.</span> <span class='ocrx_word' id='word_1_257' title='bbox 446 2387 497 2423; x_wconf 89' lang='lat' dir='ltr'>E.</span> <span class='ocrx_word' id='word_1_258' title='bbox 525 2387 573 2424; x_wconf 90' lang='lat' dir='ltr'>B.</span> <span class='ocrx_word' id='word_1_259' title='bbox 605 2390 751 2438; x_wconf 77' lang='lat' dir='ltr'>Mayor</span> <span class='ocrx_word' id='word_1_260' title='bbox 783 2391 939 2429; x_wconf 67' lang='lat' dir='ltr'>classic.</span> <span class='ocrx_word' id='word_1_261' title='bbox 969 2394 1122 2431; x_wconf 76' lang='lat' dir='ltr'>Review</span> <span class='ocrx_word' id='word_1_262' title='bbox 1150 2396 1193 2432; x_wconf 91' lang='lat' dir='ltr'><em>X</em></span> <span class='ocrx_word' id='word_1_263' title='bbox 1203 2395 1283 2432; x_wconf 87' lang='lat' dir='ltr'>VH</span> <span class='ocrx_word' id='word_1_264' title='bbox 1311 2397 1462 2442; x_wconf 87' lang='lat'><em>(1903),</em></span> <span class='ocrx_word' id='word_1_265' title='bbox 1502 2406 1540 2443; x_wconf 80' lang='lat' dir='ltr'>p.</span> <span class='ocrx_word' id='word_1_266' title='bbox 1562 2397 1623 2433; x_wconf 85' lang='lat'>57.</span> 
     </span>
     <span class='ocr_line' id='line_1_42' title="bbox 186 2435 1614 2492; baseline 0.01 -21"><span class='ocrx_word' id='word_1_267' title='bbox 186 2439 233 2472; x_wconf 88' lang='lat'>20</span> <span class='ocrx_word' id='word_1_268' title='bbox 266 2435 403 2472; x_wconf 84' lang='lat' dir='ltr'>lavant</span> <span class='ocrx_word' id='word_1_269' title='bbox 436 2436 478 2473; x_wconf 88' lang='lat' dir='ltr'><em>D</em></span> <span class='ocrx_word' id='word_1_270' title='bbox 513 2440 625 2482; x_wconf 78' lang='lat' dir='ltr'>(corr.</span> <span class='ocrx_word' id='word_1_271' title='bbox 656 2441 699 2476; x_wconf 75' lang='lat' dir='ltr'>in</span> <span class='ocrx_word' id='word_1_272' title='bbox 733 2440 895 2488; x_wconf 83' lang='lat' dir='ltr'>levant),</span> <span class='ocrx_word' id='word_1_273' title='bbox 927 2455 1007 2489; x_wconf 81' lang='lat' dir='ltr'>pa,</span> <span class='ocrx_word' id='word_1_274' title='bbox 1046 2445 1142 2487; x_wconf 80' lang='lat' dir='ltr'>Otto,</span> <span class='ocrx_word' id='word_1_275' title='bbox 1178 2446 1329 2491; x_wconf 66' lang='lat' dir='ltr'>Muell„</span> <span class='ocrx_word' id='word_1_276' title='bbox 1363 2446 1412 2492; x_wconf 76' lang='lat' dir='ltr'>cf.</span> <span class='ocrx_word' id='word_1_277' title='bbox 1442 2446 1535 2491; x_wconf 84' lang='lat' dir='ltr'>V6,</span> <span class='ocrx_word' id='word_1_278' title='bbox 1562 2448 1614 2484; x_wconf 78' lang='grc'>40</span> 
     </span>
    </p>
   </div>
   <div class='ocr_carea' id='block_1_17' title="bbox 185 2470 1707 2540">
    <p class='ocr_par' dir='ltr' id='par_1_20' title="bbox 185 2470 1707 2540">
     <span class='ocr_line' id='line_1_43' title="bbox 185 2470 1707 2540; baseline 0.009 -18"><span class='ocrx_word' id='word_1_279' title='bbox 185 2486 323 2523; x_wconf 84' lang='lat' dir='ltr'>iuvant</span> <span class='ocrx_word' id='word_1_280' title='bbox 344 2487 396 2523; x_wconf 90' lang='lat' dir='ltr'><em>M</em></span> <span class='ocrx_word' id='word_1_281' title='bbox 403 2495 474 2532; x_wconf 73' lang='grc' dir='ltr'>νς,</span> <span class='ocrx_word' id='word_1_282' title='bbox 503 2488 571 2533; x_wconf 77' lang='lat' dir='ltr'>K,</span> <span class='ocrx_word' id='word_1_283' title='bbox 601 2490 722 2527; x_wconf 68' lang='lat' dir='ltr'>Meo-r.</span> <span class='ocrx_word' id='word_1_284' title='bbox 826 2496 872 2528; x_wconf 80' lang='lat'>22</span> <span class='ocrx_word' id='word_1_285' title='bbox 901 2493 1032 2540; x_wconf 85' lang='lat' dir='ltr'>rigida</span> <span class='ocrx_word' id='word_1_286' title='bbox 1053 2494 1191 2532; x_wconf 88' lang='lat' dir='ltr'>doctas</span> <span class='ocrx_word' id='word_1_287' title='bbox 1213 2496 1478 2534; x_wconf 74' lang='lat' dir='ltr'>Baehrensius</span> <span class='ocrx_word' id='word_1_288' title='bbox 1498 2475 1625 2534; x_wconf 82' lang='lat' dir='ltr'><em>FPL&#39;.</em></span> <span class='ocrx_word' id='word_1_289' title='bbox 1706 2470 1707 2473; x_wconf 10' lang='grc' dir='ltr'><strong>Ἰ</strong></span> 
     </span>
    </p>
   </div>
   <div class='ocr_carea' id='block_1_18' title="bbox 180 2539 328 2585">
    <p class='ocr_par' dir='ltr' id='par_1_21' title="bbox 180 2539 328 2585">
     <span class='ocr_line' id='line_1_44' title="bbox 180 2539 328 2585; baseline -0.007 -11"><span class='ocrx_word' id='word_1_290' title='bbox 180 2549 220 2585; x_wconf 78' lang='lat'>10.</span> <span class='ocrx_word' id='word_1_291' title='bbox 242 2539 328 2576; x_wconf 83' lang='lat'><strong><em>373.</em></strong></span> 
     </span>
    </p>
   </div>
   <div class='ocr_carea' id='block_1_19' title="bbox 1649 837 1687 866">
    <p class='ocr_par' dir='ltr' id='par_1_22' title="bbox 1649 837 1687 866">
     <span class='ocr_line' id='line_1_45' title="bbox 1649 837 1687 866; baseline 0.026 -1"><span class='ocrx_word' id='word_1_292' title='bbox 1649 837 1687 866; x_wconf 82' lang='lat'>1⁰</span> 
     </span>
    </p>
   </div>
   <div class='ocr_carea' id='block_1_20' title="bbox 1651 1197 1686 1226">
    <p class='ocr_par' dir='ltr' id='par_1_23' title="bbox 1651 1197 1686 1226">
     <span class='ocr_line' id='line_1_46' title="bbox 1651 1197 1686 1226; baseline 0 0"><span class='ocrx_word' id='word_1_293' title='bbox 1651 1197 1686 1226; x_wconf 78' lang='lat'>1⁶</span> 
     </span>
    </p>
   </div>
   <div class='ocr_carea' id='block_1_21' title="bbox 1651 1883 1688 1912">
    <p class='ocr_par' dir='ltr' id='par_1_24' title="bbox 1651 1883 1688 1912">
     <span class='ocr_line' id='line_1_47' title="bbox 1651 1883 1688 1912; baseline 0.054 -2"><span class='ocrx_word' id='word_1_294' title='bbox 1651 1883 1688 1912; x_wconf 73' lang='lat'>25</span> 
     </span>
    </p>
   </div>
  </div>
 </body>
</html>
