1716 2742
436 140 794 179 PANEGYRICUS
823 145 882 189 38,
897 152 914 180 5
925 165 977 172 -
990 145 1051 187 40,
1066 151 1094 178 5.
1388 142 1478 189 353

23 260 37 265 ‘⁴
51 260 199 304 cetera
239 273 321 303 sua
361 256 666 302 moderatione
708 272 800 301 non
842 257 991 302 minus
1034 256 1306 302 invidiosum
1348 259 1479 315 putat

52 321 156 366 dare
186 319 480 366 hereditatem
516 336 650 378 quam
685 320 867 365 auferre.
933 320 1061 365 Laeti
1093 336 1200 380 ergo
1241 320 1358 365 adite
1399 320 1478 365 ho-
1506 332 1528 365 5

49 399 203 442 nores,
234 383 453 441 capessite
486 383 733 439 civitatem3
772 383 998 428 neminem
1030 384 1117 428 hoc
1142 383 1480 428 necessitudini-

51 447 130 492 bus
161 446 405 505 abruptum
438 446 563 490 velut
594 449 804 491 truncum
838 449 1209 504 amputatumque
1249 446 1479 504 destituet3

8 524 27 554 ι
50 508 193 555 isdem
226 522 381 554 omnes
415 509 578 567 quibus
613 511 714 553 ante
747 509 1037 568 pignoribus,
1079 510 1156 554 sed
1196 509 1478 554 honestiores

49 572 347 632 perfruentur.

143 633 213 680 Ac
243 650 301 680 ne
332 633 586 679 remotioris
621 634 799 692 quidem
834 634 1011 692 iamque
1045 634 1293 680 deficientis
1323 635 1479 679 adfini-

49 698 158 744 tatis
189 698 354 758 gradus
388 713 415 742 a
447 697 648 755 qualibet
682 698 931 754 quantitate
965 698 1223 742 vicesimam
1263 700 1315 742 ut
1354 698 1478 756 prius

48 761 214 807 inferre
246 762 474 820 cogentur.
528 758 698 804 Statuit
730 760 849 804 enim
882 761 1132 805 communis
1166 761 1368 805 omnium
1403 777 1479 819 pa-

0 838 26 868 1ο
49 839 152 870 rens
185 838 426 882 summam,
460 839 574 881 quae
607 822 899 881 publicanum
939 823 1035 881 pati
1068 827 1231 881 posset.
1299 822 1479 868 Carebit
1493 821 1553 870 40

50 903 185 933 onere
215 887 453 932 vicesimae
486 901 625 944 parva
658 888 703 930 et
729 885 857 930 exilis
884 886 1107 930 hereditas
1134 889 1197 944 et,
1225 886 1261 930 si
1288 886 1351 931 ita
1378 902 1479 946 gra-

47 952 122 996 tus
146 949 276 996 heres
302 950 448 1007 volet,
472 951 570 994 tota
597 949 822 1006 sepulcro,
845 951 943 993 tota
968 949 1115 993 funeri
1142 950 1327 1007 serviet3
1345 965 1478 994 nemo

49 1012 324 1071 observator,
347 1027 483 1057 nemo
507 1012 752 1071 castigator
772 1012 967 1056 adsistet.
1005 1010 1282 1070 Cuicumque
1302 1012 1479 1057 modica

48 1076 240 1135 pecunia
266 1091 322 1121 ex
345 1075 593 1120 hereditate
620 1075 808 1119 alicuius
837 1074 1082 1133 obvenerit,
1106 1090 1287 1120 securus
1314 1075 1479 1120 habeat

0 1155 24 1184 ⁵
50 1139 318 1198 quietusque
350 1138 591 1197 possideat.
656 1137 724 1182 Ea
761 1138 835 1182 lex
874 1138 1111 1182 vicesimae
1151 1138 1270 1182 dicta
1310 1141 1395 1196 est,
1427 1140 1480 1182 ut
1506 1150 1527 1182 2

48 1201 107 1247 ad
146 1202 397 1261 periculum
439 1202 534 1246 eius
578 1200 800 1259 perveniri
845 1200 934 1244 nisi
980 1201 1141 1259 opibus
1184 1217 1275 1245 non
1323 1202 1477 1259 possit.

49 1263 276 1310 Conversa
307 1267 377 1309 est
407 1264 622 1322 imquitas
656 1264 703 1307 in
737 1264 1104 1334 gratulationem,
1128 1263 1292 1308 iniuria
1324 1265 1372 1308 in
1404 1280 1479 1309 vo-

47 1330 168 1374 tum:
200 1330 330 1399 optat
360 1328 509 1385 heres,
540 1329 592 1372 ut
624 1327 881 1372 vicesimam
916 1327 1083 1371 debeat
1148 1326 1366 1371 Additum
1400 1330 1480 1385 est,
1507 1340 1528 1373 3

48 1393 118 1449 ut,
151 1390 230 1450 qui
262 1390 357 1436 eius
391 1390 514 1435 modi
547 1406 601 1434 ex
635 1390 779 1435 causis
813 1390 861 1434 in
893 1389 1011 1434 diem
1046 1390 1179 1434 edicti
1219 1390 1478 1434 vicesimam

0 1468 24 1498 111
49 1426 281 1513 deberent,
304 1453 507 1499 nondum
534 1455 687 1498 tamen
714 1453 991 1510 intulissent,
1016 1468 1108 1497 non
1135 1453 1363 1497 inferrent.
1416 1451 1479 1497 At

47 1517 97 1562 in
134 1517 424 1576 praeteritum
466 1516 703 1561 subvenire
752 1532 808 1560 ne
861 1516 905 1560 di
960 1516 1140 1572 quidem
1180 1518 1389 1574 possunt:
1427 1519 1479 1560 tu

47 1582 199 1625 tamen
231 1579 480 1625 subvenisti
513 1579 780 1637 cavistique,
822 1581 873 1623 ut
913 1579 1133 1623 desineret
1177 1578 1365 1636 quisque
1408 1579 1479 1623 de-

46 1643 172 1701 bere,
204 1642 326 1701 quod
357 1658 451 1688 non
483 1645 600 1687 esset
632 1644 790 1700 postea
823 1642 1071 1695 debituruS,
1099 1642 1145 1686 id
1178 1644 1246 1686 est
1279 1642 1479 1699 effecisti,

45 1722 104 1751 ne
136 1706 280 1751 malos
313 1706 540 1764 principes
573 1705 898 1749 habuissemus.
965 1704 1063 1757 Quo
1097 1705 1300 1764 ingenio,
1333 1705 1370 1748 si
1402 1721 1475 1749 na·
1505 1718 1528 1750 4

0 1783 22 1812 15
47 1771 151 1815 tura
169 1771 418 1827 pateretur,
445 1784 580 1827 quam
600 1766 794 1812 libenter
820 1770 888 1812 tot
909 1767 1134 1825 spoliatis,
1154 1771 1224 1812 tot
1243 1767 1478 1812 trucidatis

47 1832 312 1892 sanguinem
346 1834 391 1877 et
422 1831 542 1876 bona
574 1831 833 1876 refudisses!
867 1830 1065 1875 Vetuisti
1092 1831 1231 1890 exigi,
1259 1831 1380 1888 quod
1407 1831 1478 1875 de·
1506 1844 1528 1876 5

45 1896 142 1941 beri
179 1910 273 1940 non
309 1897 389 1940 tuo
430 1895 607 1940 saeculo
651 1896 869 1952 coeperat.
941 1892 1071 1938 Alius
1116 1896 1168 1938 ut
1210 1893 1479 1938 contumaci-

45 1958 131 2004 bus
163 1958 430 2003 irasceretur
461 1958 808 2015 tarditatemque
842 1956 1045 2001 solvendi
1079 1957 1205 2015 dupli
1239 1957 1310 2001 vel
1343 1957 1478 2001 etiam

47 2021 288 2080 quadrupli
332 2020 608 2081 irrogatione
655 2020 884 2077 multaret,
929 2022 979 2063 tu
1024 2019 1141 2063 nihil
1195 2019 1359 2064 referre
1413 2020 1478 2064 in-

0 2099 22 2127 11
45 2084 250 2142 iquitatis
283 2084 531 2142 existimas,
564 2083 739 2142 exigas,
766 2083 887 2140 quod
914 2082 1064 2126 deberi
1090 2096 1182 2126 non
1216 2083 1480 2140 oportuerit,

46 2163 105 2192 an
137 2147 406 2206 constituas,
437 2150 489 2192 ut
522 2147 746 2191 debeatur.

147 2286 169 2320 3
196 2282 618 2332 necessitudini<bu>s
646 2282 836 2329 Madviy„
865 2282 1017 2327 Muell„
1044 2281 1346 2318 necessitudinis
1373 2283 1473 2331 vuly.

47 2338 67 2370 7
89 2334 310 2371 remotioris
332 2334 383 2379 A,
404 2334 547 2370 Baehr.
565 2345 604 2380 p.
622 2332 768 2377 XXII,
789 2332 978 2368 remotius
999 2333 1057 2369 vel
1077 2333 1249 2369 remotus
1270 2337 1351 2369 cett.
1367 2333 1474 2369 codd.

46 2387 69 2421 8
94 2385 141 2421 ut
165 2384 276 2432 prius
303 2385 354 2430 A,
381 2395 451 2420 om.
473 2387 554 2420 cett.
688 2385 708 2418 9
738 2384 901 2430 cogetur
928 2383 1015 2420 dett.
1038 2383 1144 2419 codd.
1273 2386 1319 2419 10
1348 2382 1475 2419 careb.

44 2434 192 2472 honore
225 2445 341 2471 onere
377 2434 419 2479 V,
454 2432 582 2470 careb.
610 2433 684 2469 hoe
719 2444 880 2470 oneroso
919 2444 1035 2470 onere
1070 2433 1293 2480 Bornecque
1319 2445 1361 2480 p.
1388 2436 1475 2471 212.

47 2488 94 2522 28
112 2483 177 2522 vel
196 2485 318 2522 etiam
339 2484 389 2529 A,
411 2484 494 2520 edd.
516 2487 610 2529 ant„
631 2483 786 2529 Baehr„
810 2483 960 2528 Muell„
981 2482 1043 2520 vel
1065 2484 1104 2519 et
1125 2484 1186 2530 M,
1209 2483 1260 2520 K.
1351 2486 1397 2520 29
1419 2483 1475 2520 nil

45 2535 270 2583 Bor-necque
290 2546 331 2582 p.
352 2537 439 2572 214.

123 2610 270 2638 rannus
289 2610 411 2638 Mmon
431 2613 489 2637 1111).
509 2610 678 2638 Kmmu.
1205 2611 1251 2645 23
