1656 2684
228 146 282 189 15
814 137 852 175 C.
879 137 1011 174 PLlNI

224 254 323 298 tiari
369 253 535 307 iubent,
580 266 635 294 an
679 251 764 294 iam
809 249 1016 293 recitator
1058 246 1324 312 intraverit,x
1349 261 1407 290 an
1449 246 1611 291 dixerit

225 314 556 372 praefationem,
606 327 661 355 an
704 326 758 354 ex
801 325 959 368 magna
1003 311 1125 366 parte
1169 307 1384 352 evolverit
1425 307 1608 364 librum3

225 381 328 419 tunc
366 374 538 418 demum
577 387 626 416 ac
662 375 769 415 tunc
807 386 980 427 quoque
1011 371 1128 413 lente
1160 371 1506 426 cunctanterque
1538 385 1608 414 ve-

223 437 349 479 niunt
386 450 464 478 nec
495 438 640 477 tamen
672 423 945 489 permanent,
982 431 1057 474 sed
1089 433 1189 474 ante
1221 430 1354 474 finem
1385 429 1608 487 recedunt,

224 497 297 540 alii
335 496 654 539 dissimulanter
691 497 735 536 et
771 493 941 548 furtim,
979 491 1054 535 alii
1092 491 1351 548 simpliciter
1381 493 1427 535 et
1456 491 1604 536 libere.
1632 509 1650 539 s

223 557 284 600 At
320 557 491 599 hercule
523 555 731 598 memoria
762 556 991 611 parentum
1024 551 1254 596 Claudium
1286 550 1514 597 Caesarem
1545 554 1606 597 fe-

223 620 339 672 runt,
372 632 468 660 cum
501 617 546 659 in
572 615 740 659 Palatio
767 615 1028 671 spatiaretur
1053 613 1331 670 audissetque
1357 613 1606 668 clamorem,

223 693 392 721 causam
430 677 680 733 requisisse,
717 691 902 732 cumque
940 675 1105 719 dictum
1144 677 1259 718 esset
1293 674 1478 719 recitare
1496 694 1498 696 ·
1515 674 1606 720 No·

222 740 417 794 manum,
436 738 630 781 subitum
649 737 849 780 recitanti
867 737 1228 793 inopinatumque
1247 736 1431 780 venisse.
1474 735 1607 781 Nunc

223 799 508 842 otiosissimus
548 798 731 855 quisque
769 798 907 841 multo
946 800 1046 840 ante
1077 799 1261 855 rogatus.
1289 799 1334 841 et
1363 795 1604 842 identidem
1631 816 1656 844 ιι

222 860 467 903 admonitus
494 863 570 902 aut
593 874 683 902 non
707 859 826 902 venit
851 862 945 911 aut,
971 859 1008 901 si
1027 858 1165 912 venit,
1191 858 1390 915 queritur
1409 873 1455 903 se
1474 857 1604 915 diem,

223 921 323 977 quia
353 935 443 963 non
468 918 721 976 perdiderit,
753 919 1000 976 perdidisse.
1066 918 1151 962 Sed
1181 921 1307 964 tanto
1339 919 1481 978 magis
1511 920 1604 964 lau-

222 980 350 1024 dandi
382 981 680 1038 probandique
712 984 831 1037 sunt,
865 995 973 1037 quos
1005 996 1031 1023 a
1063 980 1280 1024 scribendi
1303 980 1604 1038 recitandique

220 1041 363 1084 studio
408 1042 515 1085 haec
558 1042 804 1085 auditorum
849 1042 919 1085 vel
962 1041 1126 1085 desidia
1163 1042 1232 1085 vel
1271 1041 1478 1100 superbia
1512 1057 1603 1086 non

220 1103 418 1146 retardat.
488 1102 702 1158 Equidem
743 1118 880 1159 prope
920 1103 1085 1146 nemini
1126 1102 1256 1147 defui.
1317 1102 1460 1149 Erant
1499 1117 1604 1147 sane
1631 1121 1656 1151 u

222 1163 415 1219 plerique
459 1164 608 1219 amici3
651 1178 792 1219 neque
837 1164 952 1207 enim
998 1166 1064 1207 est
1101 1163 1191 1208 fere
1229 1163 1483 1222 quisquam,
1527 1164 1605 1222 qui

222 1224 382 1279 studia,
412 1226 462 1267 ut
492 1239 581 1267 non
613 1224 742 1267 simul
774 1227 817 1267 et
847 1240 926 1268 nos
960 1227 1083 1268 amet.
1141 1224 1223 1269 His
1256 1241 1311 1270 ex
1341 1225 1485 1270 causis
1509 1225 1604 1270 lon-

221 1285 335 1341 gius,
375 1299 505 1341 quam
543 1284 878 1341 destinaveram,
915 1289 1086 1343 tempus
1119 1286 1166 1330 in
1196 1287 1305 1331 urbe
1335 1287 1602 1344 consumpsi.

222 1344 403 1388 Possum
429 1346 516 1388 iam
541 1348 734 1402 repetere
760 1361 974 1390 secessum
1002 1349 1044 1390 et
1064 1347 1252 1391 scribere
1272 1347 1459 1405 aliquid,
1485 1348 1604 1405 quod

220 1420 309 1448 non
345 1406 541 1462 recitem,
576 1422 631 1450 ne
668 1407 834 1463 videar,
873 1423 1059 1464 quorum
1097 1409 1430 1453 recitationibus
1467 1408 1602 1465 adfui,
1628 1427 1656 1456 a«

220 1481 310 1508 non
350 1467 520 1510 auditor
559 1467 711 1523 fuisse,
752 1469 828 1512 sed
868 1469 1065 1512 creditor.
1129 1469 1245 1514 Nam
1285 1473 1337 1514 ut
1367 1470 1416 1514 in
1446 1470 1602 1515 ceteris

222 1526 349 1569 rebus
367 1527 447 1629 xista
484 1527 528 1570 in
566 1528 767 1572 audiendi
806 1529 953 1573 officio
992 1530 1105 1587 perit
1136 1531 1296 1589 gratia,
1334 1532 1372 1576 si
1402 1545 1603 1589 reposca·

221 1589 305 1629 tur.
409 1588 485 1631 ale.

855 1680 961 1719 XIV.

475 1762 516 1794 C.
538 1763 733 1798 PLINIUS
760 1766 900 1799 IUNIO
928 1767 1152 1801 MAURICO
1181 1768 1275 1803 SUO
1303 1768 1341 1803 S.
1621 1793 1656 1821 2⁶

300 1840 436 1896 Petis,
466 1845 514 1885 ut
539 1842 684 1886 fratris
711 1845 775 1887 tui
801 1845 914 1888 filiae
940 1847 1204 1904 prospiciam
1230 1848 1458 1906 maritum;
1483 1848 1601 1905 quod

224 1902 376 1944 merito
409 1902 517 1945 mihi
548 1904 822 1959 potissimum
855 1906 1057 1965 iniungis.
1121 1908 1214 1953 Scis
1246 1910 1384 1967 enim,
1417 1912 1602 1966 quanto-

223 1977 323 2017 pere
363 1977 580 2006 summum
623 1965 745 2007 illum
788 1966 928 2009 virum
969 1971 1237 2025 suspexerim
1275 1971 1603 2028 dilexerimque,

223 2022 378 2078 quibus
416 2023 489 2067 ille
527 2024 863 2069 adulescentiam
904 2043 1042 2071 meam
1075 2030 1450 2076 exhortationibus
1481 2031 1600 2075 fove-

222 2083 296 2137 rit,
328 2084 485 2139 quibus
518 2085 648 2128 etiam
679 2086 897 2142 laudibus,
931 2092 979 2131 ut
1009 2090 1250 2136 laudandus
1281 2092 1469 2150 viderer,
1501 2092 1601 2137 effe·
1626 2111 1656 2138 30

223 2144 338 2186 cerit.
400 2143 525 2188 Nihil
562 2148 645 2201 est,
683 2147 800 2202 quod
837 2163 862 2190 a
898 2151 940 2191 te
980 2152 1174 2195 mandari
1211 2153 1321 2197 mihi
1352 2155 1430 2198 aut
1460 2153 1600 2198 maius

223 2206 297 2246 aut
329 2205 510 2261 gratius,
542 2205 670 2262 nihil,
703 2208 819 2263 quod
850 2209 1074 2254 honestius
1107 2229 1132 2255 a
1164 2229 1232 2256 me
1258 2215 1424 2272 suscipi
1447 2215 1600 2272 possit,

223 2279 352 2320 quam
391 2268 439 2307 ut
476 2266 633 2323 eligam
666 2268 883 2324 iuvenem,
922 2286 974 2313 ex
1007 2287 1091 2327 quo
1124 2275 1244 2318 nasci
1274 2279 1456 2332 nepotes
1489 2273 1601 2319 Aru-

319 2399 339 2430 3
365 2398 446 2431 tum
473 2397 623 2434 demum
650 2399 768 2436 RFr
779 2412 813 2436 a.
916 2406 959 2437 12
986 2404 1155 2449 perdidit
1177 2405 1316 2453 Gieriq.
1417 2411 1464 2444 14
1491 2407 1600 2444 audi·

219 2444 344 2480 torum
371 2444 517 2480 desidia
544 2447 711 2493 RFpa.
