1630 2678
154 150 211 194 76
750 138 787 175 C.
808 135 941 173 PLINI

106 271 128 303 4
155 259 283 303 certis
329 255 588 313 quibusdam
631 252 747 295 notis
786 262 1033 306 augurarer.
1103 244 1149 290 N
1150 259 1210 288 on
1247 243 1348 288 ideo
1391 245 1541 287 tamen

154 319 355 364 eximiam
387 316 570 374 gloriam
602 313 811 357 meruisse
842 324 923 365 me,
954 311 1005 351 ut
1035 307 1111 351 ille
1130 305 1368 363 praedicat,
1397 303 1542 359 credo,

107 393 128 424 ὁ
155 381 229 425 sed
260 382 429 423 tantum
462 375 664 433 effugisse
696 371 925 430 flagitium.
988 368 1104 412 Nam
1137 370 1182 411 et
1207 365 1253 411 O.
1272 365 1541 422 Musonium,

156 455 349 485 socerum
382 438 485 491 eius,
517 438 729 492 quantum
770 433 940 476 licitum
973 433 1040 474 est
1070 444 1149 486 per
1188 430 1396 484 aetatem,
1439 441 1541 471 cum

156 501 437 546 admiratione
480 497 613 540 dilexi
663 498 707 538 et
748 493 1076 537 Artemidorum
1112 491 1259 547 ipsum
1301 489 1390 533 iam
1434 490 1544 544 tum,

157 577 253 606 oum
298 562 343 603 in
388 559 514 616 Syria
556 557 758 601 tribunus
803 554 1055 606 militarem,
1106 553 1202 594 arta
1243 548 1544 594 familiaritate

156 623 405 679 complexus
437 635 532 663 sum
565 618 696 674 idque
722 616 912 674 primum
944 629 1035 657 non
1066 613 1231 656 nullius
1257 610 1419 655 indolis
1444 609 1544 654 dedi

156 683 392 740 specimen,
423 680 540 737 quod
583 680 727 722 virum
769 680 846 720 aut
889 676 1131 732 sapientem
1175 675 1253 716 aut
1291 671 1544 730 proximum

109 757 131 789 6
156 743 512 798 simillimumque
556 739 743 796 sapienti
786 738 1039 794 intellegere
1084 750 1181 779 sum
1224 733 1357 778 visus.
1426 731 1545 777 Nam

156 820 210 849 ex
240 804 453 859 omnibus,
474 802 549 858 qui
573 815 692 844 nunc
724 814 770 843 se
795 797 1083 855 philosophos
1109 797 1282 852 vocant,
1313 794 1390 839 vix
1406 800 1546 838 unum

157 868 232 909 aut
264 865 447 908 alterum
480 862 675 906 invenies
708 863 832 904 tanta
875 859 1138 914 sinceritate,
1181 858 1306 900 tanta
1347 855 1544 900 veritate.

156 926 298 982 Mitto,
331 940 417 981 qua
447 922 659 980 patientia
689 921 884 978 corporis
925 920 1089 964 hiemes
1121 919 1246 962 iuxta
1277 919 1322 962 et
1361 917 1548 961 aestates

156 988 279 1043 ferat,
315 989 366 1029 ut
401 985 535 1029 nullis
572 983 795 1027 laboribus
837 982 980 1038 cedat,
1017 983 1068 1024 ut
1107 979 1222 1023 nihil
1262 979 1310 1022 in
1351 977 1464 1034 cibo,
1501 977 1549 1020 in

156 1053 266 1104 potu
296 1046 596 1103 voluptatibus
634 1044 819 1099 tribuat,
855 1046 906 1086 ut
943 1042 1094 1086 oculos
1132 1040 1416 1096 animumque
1447 1053 1550 1083 con-

112 1119 131 1151 7
157 1109 303 1152 tineat.
368 1107 480 1151 Sunt
511 1107 618 1149 haec
650 1120 825 1161 magna,
871 1103 946 1147 sed
990 1104 1037 1146 in
1080 1102 1183 1158 alio,
1226 1101 1274 1144 iu
1315 1101 1403 1144 hoc
1443 1113 1548 1143 vero

159 1169 338 1212 minima
347 1202 359 1224 ,
390 1169 427 1211 si
453 1168 607 1211 ceteris
639 1166 873 1210 virtutibus
914 1165 1240 1221 comparentur,
1272 1161 1432 1219 quibus
1464 1175 1550 1204 me-

158 1230 259 1286 ruit,
289 1232 338 1272 ut
370 1245 395 1272 a
437 1227 480 1271 O.
507 1228 711 1271 Musonio
757 1242 810 1270 ex
855 1226 1057 1270 omnibus
1103 1224 1299 1268 omnium
1346 1221 1551 1266 ordinum

113 1301 135 1333 8
160 1290 500 1334 adsectatoribus
545 1304 677 1347 gener
723 1287 1031 1331 adsumeretur.
1105 1285 1226 1338 Quae
1260 1283 1372 1329 mihi
1410 1297 1552 1327 recor-

161 1352 281 1395 danti
313 1354 378 1394 est
410 1350 585 1406 quidem
611 1349 859 1405 iucundum,
893 1348 1010 1404 quod
1050 1362 1119 1390 me
1158 1361 1259 1391 cum
1291 1344 1410 1402 apud
1440 1344 1551 1388 alios

161 1415 254 1455 tum
298 1411 411 1468 apud
455 1414 497 1454 te
540 1411 674 1453 tantis
712 1410 915 1453 laudibus
948 1409 1165 1464 cumulat,
1208 1422 1362 1452 vereor
1391 1407 1553 1461 tamen,

163 1488 216 1515 ne
248 1473 425 1515 modum
457 1472 648 1527 excedat,
679 1486 808 1527 quem
845 1470 1094 1528 benignitas
1127 1469 1220 1512 eius
1259 1465 1386 1527 (illuc
1423 1465 1555 1522 enim,

116 1541 137 1574 9
164 1534 277 1576 unde
309 1533 444 1588 coepi,
474 1531 686 1590 revertor)
721 1533 832 1576 solet
875 1546 966 1574 non
997 1533 1155 1574 tenere.
1218 1528 1336 1573 Nam
1379 1527 1428 1572 in
1467 1526 1554 1572 hoc

164 1608 251 1636 uno
284 1594 497 1635 interdum
531 1594 598 1635 vir
629 1593 794 1649 alioqui
825 1592 1191 1649 prudentissimus
1230 1591 1417 1634 honesto
1459 1586 1555 1645 qui·

166 1654 275 1709 dem,
308 1653 381 1696 sed
422 1656 567 1696 tamen
608 1669 750 1697 errore
793 1656 1009 1709 versatur,
1047 1652 1165 1710 quod
1206 1651 1348 1708 pluris
1390 1649 1555 1694 amicos

166 1729 267 1758 suos
275 1748 287 1770 ,
319 1729 447 1769 quam
482 1717 595 1770 sunt,
627 1715 871 1757 arbitratur.
935 1713 1057 1757 Vale.

205 1827 292 1875 (Aa
311 1868 318 1875 ,
334 1827 435 1865 ‚aon
462 1824 605 1865 ‚cm-z
804 1826 895 1865 ΧΠ.

418 1900 458 1933 C.
478 1900 676 1934 PLINIUS
703 1901 902 1934 CATILIO
930 1901 1122 1934 SEVERO
1150 1900 1245 1934 SUO
1273 1899 1312 1934 S.

123 1977 138 2008 1
247 1968 431 2012 Veniam
463 1968 517 2010 ad
549 1983 717 2024 cenam,
750 1969 824 2011 sed
862 1970 948 2011 iam
979 1984 1096 2012 nunc
1134 1968 1352 2025 paciscor,
1390 1966 1450 2010 sit
1485 1980 1558 2009 ex-

1570 811 1608 840 10

1577 1422 1615 1473 2⁹

168 2029 326 2087 pedita,
353 2029 409 2072 sit
434 2043 575 2084 parca,
602 2027 833 2072 Socraticis
859 2032 1028 2072 tantum
1054 2029 1327 2073 sermonibus
1353 2026 1559 2082 abundet,
1605 2077 1610 2082 ⁷

121 2098 142 2130 2
169 2091 216 2133 in
255 2090 325 2133 his
366 2104 547 2158 ‘quoque
595 2092 741 2132 teneat
786 2090 975 2133 modum.
1054 2090 1197 2134 Erunt
1243 2089 1392 2133 officia
1437 2089 1573 2132 ante-⁴

167 2151 336 2206 lucana,
363 2165 408 2192 m
429 2165 539 2205 quae
558 2149 746 2193 incidere
766 2150 943 2206 impune
968 2166 1023 2194 ne
1044 2150 1199 2194 Catoni
1219 2150 1397 2207 quidem
1417 2148 1560 2204 licuit,

170 2226 300 2268 quem
350 2213 498 2253 tamen
548 2209 590 2253 C.
638 2209 793 2253 Caesar
843 2211 904 2253 ita
953 2211 1248 2268 reprehendit,
1297 2213 1349 2255 ut
1396 2209 1557 2254 laudet.

122 2279 144 2312 8
170 2271 390 2316 Describit
420 2270 536 2314 enim
568 2286 661 2327 eOS,
702 2271 857 2326 quibus
900 2272 1052 2315 obvius
1093 2273 1244 2329 fuerit,
1287 2287 1388 2316 cum
1428 2271 1562 2328 caput

268 2370 314 2402 22
335 2339 527 2402 sole—(non
548 2366 598 2401 M
611 2366 691 2402 VD
702 2374 742 2410 ς,
763 2366 982 2410 K.11‚n0n
1002 2367 1099 2403 solet
1119 2368 1273 2414 Fpra,
1294 2367 1392 2413 KJ,
1412 2365 1561 2410 Maca„

171 2416 290 2453 Merr.
390 2418 436 2450 28
463 2414 514 2450 sit
538 2425 606 2450 om.
635 2414 760 2451 RFr.
862 2419 906 2450 33
935 2415 1069 2451 scribit
1089 2416 1345 2453 Gasaubomw.
1366 2436 1412 2442 —
1432 2414 1561 2451 fuerat

170 2464 223 2501 M
234 2464 305 2509 Vr,
331 2463 382 2499 K.
398 2464 432 2507 Ι,
457 2463 532 2499 fuit
552 2474 591 2509 p.

1581 2105 1620 2134 8⁰
