1630 2678
62 323 84 355 2

60 930 82 961 4

60 1233 81 1266 5

115 139 200 184 140
703 133 741 171 c,
768 133 902 170 PL1N1

112 250 347 293 maioribus
390 248 478 292 suis
520 247 693 291 faciant.
757 246 854 298 Quo
895 245 1177 290 festinantius
1217 246 1375 290 nuntio
1416 245 1501 290 tibi

111 312 245 354 fuisse
265 326 333 354 me
352 309 481 353 hodie
501 309 548 351 in
567 308 785 351 auditorio
807 306 1017 364 Calpurni
1037 306 1222 352 Pisonis.
1268 306 1501 352 Recitabat

111 377 472 428 καταστερισμῶν
504 370 719 413 eruditam
747 384 850 412 sane
875 369 1232 426 luculentamque
1257 369 1500 413 materiam.

112 432 282 489 Scripta
322 432 454 489 elegis
499 435 591 474 erat
631 430 868 474 fluentibus
908 433 951 473 et
990 429 1154 474 teneris
1192 432 1237 474 et
1273 429 1500 485 enodibus,

110 493 367 538 sublimibus
409 492 558 548 etiam,
599 494 649 535 ut
686 491 890 548 poposcit
930 491 1065 534 locus.
1138 490 1256 548 Apte
1297 491 1415 535 enim
1456 494 1502 535 et

109 554 224 598 varie
267 567 384 596 nunc
426 553 725 608 attollebatur,
770 567 889 596 nunc
931 551 1168 608 residebat3
1217 553 1390 596 excelsa
1429 551 1500 596 de-

109 615 286 672 pressis,
318 614 448 657 exilia
479 615 638 670 plenis,
678 614 838 657 severis
870 613 1062 657 iucunda
1093 613 1311 670 mutabat,
1350 613 1500 657 omnia

108 676 282 734 ingenio
333 675 438 732 pari.
516 675 861 718 Commendabat
910 675 1018 718 haec
1068 689 1176 718 voce
1227 674 1499 731 suavissima,

108 751 258 780 vocem
291 736 568 779 verecundia:
606 736 795 779 multum
829 736 1077 794 sanguinis,
1114 736 1302 779 multum
1337 735 1499 780 sollici-

108 798 271 841 tudinis
310 798 356 840 in
395 813 486 853 ore,
531 812 692 855 magna
725 800 982 841 ornamenta
1019 797 1256 841 recitantis.
1320 795 1499 841 Etenim

107 859 252 902 nescio
278 873 364 915 quo
388 862 518 915 pacto
549 859 690 916 magis
713 859 760 901 in
789 858 946 902 studiis
976 858 1177 902 homines
1206 858 1343 902 timor
1366 872 1500 914 quam

108 919 268 963 fiducia
300 919 434 963 decet.
495 918 564 963 Ne
602 920 730 976 plura
763 921 1051 976 (quamquam
1082 919 1192 963 libet
1223 919 1371 976 plura,
1409 933 1498 976 quo

108 983 208 1023 sunt
227 980 479 1037 pulchriora
505 980 557 1023 de
583 980 751 1037 iuvene,
777 981 942 1024 rariora
962 981 1014 1024 de
1041 978 1216 1039 nobili),
1239 980 1499 1024 recitatione

107 1041 232 1084 finita
273 1042 461 1084 multum
502 1056 553 1085 ac
594 1042 670 1085 diu
711 1043 987 1086 exosculatus
1030 1041 1373 1098 adulescentem,
1423 1041 1500 1098 qui

109 1105 174 1145 est
225 1102 459 1146 acerrimus
517 1103 721 1147 stimulus
773 1103 998 1159 monendi,
1047 1103 1252 1146 laudibus
1304 1102 1498 1159 incitavi,

106 1166 318 1220 pergeret,
351 1178 438 1220 qua
470 1164 696 1220 coepisset,
733 1165 982 1233 lumenque,
1025 1164 1143 1221 quod
1185 1163 1271 1208 sibi
1311 1163 1498 1208 maiores

107 1224 174 1266 sui
212 1224 532 1280 praetulissent,
570 1226 758 1281 posteris
796 1226 889 1282 ipse
927 1226 1179 1282 praeferret.
1243 1223 1498 1269 Gratulatus

108 1299 203 1327 sum
237 1285 427 1341 optimae
459 1286 608 1354 matri,
647 1287 892 1343 gratulatus
926 1290 970 1330 et
1001 1287 1146 1343 fratri,
1185 1287 1262 1343 qui
1293 1301 1348 1330 ex
1378 1285 1499 1330 audi·

106 1346 220 1388 torio
246 1346 324 1389 illo
349 1361 440 1389 non
464 1347 678 1390 minorem
711 1348 887 1404 pietatis
915 1348 1101 1406 gloriam
1128 1363 1261 1404 quam
1286 1348 1362 1391 ille
1387 1348 1500 1391 alter

109 1406 382 1462 eloquentiae
420 1407 540 1450 tulit:
578 1411 669 1451 tam
707 1409 962 1452 notabiliter
1000 1425 1080 1466 pro
1119 1409 1256 1452 fratre
1286 1409 1500 1452 recitante

109 1467 297 1522 primum
330 1470 471 1512 metus
504 1469 610 1523 eius,
642 1485 745 1512 mox
777 1470 986 1527 gaudium
1018 1470 1216 1514 eminuit.

194 1527 250 1570 Di
291 1529 471 1585 faciant,
513 1532 564 1572 ut
603 1530 710 1573 talia
750 1531 833 1574 tibi
875 1531 1048 1588 saepius
1089 1531 1308 1575 nuntiem!
1352 1529 1498 1574 Faveo

110 1586 224 1630 enim
258 1590 442 1645 saeculo,
473 1606 527 1633 ne
560 1591 617 1634 sit
649 1592 794 1635 sterile
827 1595 871 1635 et
903 1593 1093 1648 effetum,
1126 1592 1322 1648 mireque
1354 1591 1500 1648 cupio,

109 1663 163 1690 ne
195 1649 363 1692 nobiles
394 1652 533 1693 nostri
563 1652 676 1694 nihil
708 1653 754 1695 in
786 1653 987 1697 domibus
1021 1655 1111 1697 suis
1143 1653 1379 1710 pulchrum
1411 1653 1499 1696 nisi

109 1708 319 1766 imagines
361 1710 566 1767 habeant3
611 1728 721 1768 quae
763 1729 880 1758 nunc
922 1715 1033 1758 mihi
1074 1714 1156 1758 hos
1197 1714 1496 1758 adulescentes

109 1769 266 1812 tacitae
298 1771 490 1828 laudare,
532 1773 753 1817 adhortari
795 1778 850 1831 et,
891 1776 1009 1832 quod
1053 1775 1285 1819 amborum
1330 1775 1498 1834 gloriae

111 1830 215 1872 satis
249 1845 453 1888 magnum
488 1836 570 1889 est,
603 1849 837 1890 agnoscere
869 1837 1082 1880 videntur.
1147 1836 1270 1880 Vale.

726 1948 877 1987 XVIH.

327 2029 369 2062 C.
390 2030 587 2064 PLINIUS
615 2032 897 2068 CALPURNIO
923 2036 1093 2070 MACRO
1121 2037 1216 2071 SUO
1244 2037 1282 2070 S.

141 2113 143 2116 '
195 2108 312 2151 Bene
345 2112 411 2152 est
441 2111 566 2166 mihi,
606 2113 708 2168 quia
739 2114 819 2157 tibi
851 2115 959 2158 bene
993 2119 1069 2159 est.
1133 2116 1282 2161 Habes
1313 2130 1498 2160 uxorem

109 2171 272 2225 tecum,
304 2170 437 2213 habes
470 2171 629 2228 filium3
667 2174 822 2217 frueris
856 2178 982 2232 mari,
1021 2177 1239 2233 fontibus,
1270 2177 1497 2234 viridibus,

109 2243 234 2286 agro,
286 2230 391 2273 villa
435 2233 750 2277 amoenissima.
822 2236 977 2293 Neque
1030 2239 1147 2282 enim
1195 2239 1350 2282 dubito
1403 2253 1498 2282 esse

109 2290 479 2348 amoenissimam,
516 2293 562 2335 in
601 2308 686 2349 qua
725 2311 769 2338 se
806 2302 1110 2353 composuerat
1141 2299 1275 2343 homo
1314 2299 1497 2356 felicior,

208 2400 251 2432 17
278 2397 360 2443 ipse
387 2399 447 2443 M,
472 2400 566 2446 ipsis
591 2410 625 2446 ς,
651 2413 719 2438 om.
741 2403 781 2438 D
787 2415 891 2449 pra
1035 2410 1080 2442 ‘26
1105 2407 1252 2443 tacitae
1278 2407 1332 2452 D,
1355 2407 1497 2444 tacitos

108 2445 169 2490 M,
193 2445 312 2482 tacite
331 2458 443 2492 pra,
467 2449 565 2495 vuly.
666 2454 711 2486 29
739 2450 945 2498 Calpurnio
971 2465 1017 2491 ex
1043 2456 1092 2492 R.

1524 510 1544 538 5

1525 815 1565 842 1⁰

1525 1119 1560 1147 15

1523 1731 1559 1759 25
