1656 2684
185 168 213 212 2
781 159 819 196 c,
845 157 978 195 mm

137 286 159 318 3
185 275 363 332 adsequi
404 276 598 331 possunt.
660 271 753 315 Nec
791 269 971 314 materia
1008 269 1103 325 ipsa
1140 266 1243 309 huic
1282 262 1475 323 (vereor,
1513 278 1569 308 ne

186 337 381 394 improbe
401 333 561 390 dicam)
582 331 860 376 aemulationi
884 328 1161 387 repugnavit3
1181 328 1275 370 erat
1293 324 1410 380 enim
1429 338 1569 382 prope

185 401 279 441 tota
315 398 360 439 in
399 395 674 439 contentione
713 392 901 447 dicendi,
939 390 1055 447 quod
1087 403 1155 431 me
1186 388 1345 444 longae
1377 385 1568 430 desidiae

185 458 516 501 indormientem
557 453 780 509 excitavit,
825 453 861 495 si
896 451 1023 494 modo
1055 450 1092 493 is
1125 463 1222 492 sum
1252 462 1354 505 eg0‚
1387 446 1464 503 qui
1496 461 1568 491 ex-

136 528 159 560 4
186 518 308 562 citari
339 517 513 574 possim.
575 514 678 558 Non
708 517 855 557 tamen
886 512 1063 556 omnino
1095 508 1230 553 Marci
1260 507 1402 552 nostri
1432 507 1569 565 ληκύ-

185 583 301 630 θους
337 578 549 635 fugimus,
590 575 790 632 quotiens
829 574 1007 630 paulum
1046 572 1200 615 itinere
1238 567 1450 621 decedere,
1475 583 1568 613 non

185 638 497 694 intempestivis
536 635 870 680 amoenitatibus
903 633 1257 686 admonebamur3
1295 643 1416 674 acres
1448 629 1567 674 enim

138 709 159 741 5
186 714 295 755 esse,
325 714 414 741 non
445 699 591 741 tristes
623 696 888 740 volebamus.
945 694 1038 738 Nec
1070 696 1152 748 est,
1186 691 1303 748 quod
1335 693 1466 748 putes
1496 705 1567 735 me

186 760 265 804 sub
291 759 372 803 hac
397 759 650 815 exceptione
675 757 844 800 veniam
871 756 1102 812 postulare.
1151 753 1281 808 Nam,
1309 767 1399 809 quo
1424 752 1566 811 magis

186 820 403 863 intendam
436 820 586 862 limam
619 822 752 873 tuam,
784 817 1024 861 confitebor
1055 818 1098 858 et
1128 815 1273 871 ipsum
1301 828 1370 857 me
1396 815 1441 857 et
1465 827 1567 858 con-

185 881 431 924 tubernales
463 880 517 923 ab
550 879 737 922 editione
769 894 858 922 non
890 878 1132 932 abhorrere,
1164 875 1201 919 si
1233 874 1365 918 modo
1396 877 1449 918 tu
1479 873 1567 918 for-

138 951 159 982 6
185 945 297 984 tasse
323 941 457 984 errori
488 943 638 983 nostro
665 940 811 982 album
836 939 1049 982 calculum
1076 936 1294 980 adieceris.
1343 934 1429 979 Est
1449 935 1567 979 enim

184 1003 311 1058 plane
336 1001 501 1058 aliquid
527 1000 738 1043 edendum
759 1026 818 1030 —
837 1005 965 1055 atque
984 999 1150 1042 utinam
1169 997 1255 1041 hoc
1273 997 1567 1054 potissimum,

186 1062 301 1118 quod
333 1065 531 1119 paratum
564 1064 629 1104 est
661 1059 802 1119 (audis
829 1060 1016 1103 desidiae
1042 1056 1232 1116 votum)!
1259 1083 1318 1089 —
1350 1057 1567 1102 edendum

185 1125 327 1166 autem
366 1138 419 1165 ex
455 1123 651 1179 pluribus
691 1122 850 1177 causis,
889 1121 1074 1164 maxime
1107 1119 1224 1177 quod
1254 1118 1413 1176 libelli,
1454 1132 1566 1176 quos

185 1183 424 1239 emisimus,
475 1183 679 1226 dicuntur
724 1183 771 1225 in
817 1181 1017 1225 manibus
1064 1196 1174 1238 esse,
1228 1180 1430 1237 quamvis
1475 1179 1566 1224 iam

185 1244 367 1301 gratiam
405 1243 613 1287 novitatis
645 1243 859 1299 exuerint3
898 1243 983 1286 nisi
1013 1245 1160 1286 tamen
1191 1241 1370 1285 auribus
1400 1240 1566 1286 nostris

184 1304 447 1360 bibliopolae
487 1304 780 1347 blandiuntur.
854 1303 938 1347 Sed
978 1318 1080 1347 sane
1120 1302 1420 1357 blandiantur,
1461 1302 1567 1346 dum

185 1380 269 1468 pler-l
295 1365 379 1408 hoc
416 1365 687 1408 mendacium
725 1365 852 1409 nobis
891 1365 1034 1408 studia
1067 1367 1217 1408 nostra
1248 1363 1566 1408 commendent.

228 1441 253 1468 a
271 1441 303 1468 e.

835 1503 910 1541 111.

461 1600 501 1633 C.
522 1601 719 1634 PLINIUS
747 1601 949 1635 CANINIO
976 1601 1108 1636 RUFO
1136 1602 1230 1636 SUO
1258 1602 1296 1636 S.

141 1700 159 1732 1
283 1690 395 1742 Quid
421 1692 512 1749 agit
532 1691 723 1749 Comum,
749 1697 848 1736 tuae
874 1709 1081 1750 meaeque
1107 1694 1315 1739 deliciae?
1341 1694 1447 1752 quid
1467 1695 1567 1739 sub-

186 1751 398 1794 urbanum
431 1753 807 1797 amoenissimum?
841 1755 943 1810 quid
976 1756 1052 1798 illa
1077 1757 1272 1812 porticus
1297 1771 1433 1800 verna
1456 1770 1566 1800 sem-

186 1812 291 1867 per?
332 1813 435 1868 quid
474 1814 682 1869 platanon
714 1816 1027 1871 opacissimus‘?
1067 1817 1172 1873 quid
1203 1818 1382 1874 euripus
1413 1816 1566 1861 viridis

186 1876 230 1940 et
270 1874 519 1930 gemmeus?
561 1875 664 1929 quid
705 1876 921 1919 subiectus
959 1880 1002 1919 et
1039 1879 1229 1922 serviens
1266 1877 1419 1922 lacus?
1459 1877 1567 1935 quid

185 1933 262 1975 illa
306 1934 449 1977 mollis
494 1937 537 1977 et
576 1938 722 1978 tamen
762 1937 900 1979 solida
940 1939 1154 1994 gestatio?
1196 1939 1301 1996 quid
1328 1939 1566 1983 balineum

185 1992 314 2049 illud,
351 1994 466 2050 quod
499 1995 710 2051 plurimus
743 1998 809 2039 sol
840 1998 993 2054 implet
1024 2002 1066 2041 et
1091 2000 1321 2044 circumit?
1359 1999 1467 2058 quid
1490 1999 1566 2043 tri-

186 2053 317 2097 clinia
348 2054 423 2096 illa
454 2056 699 2112 popularia,
730 2057 806 2100 illa
836 2060 1103 2114 paucorum?
1135 2062 1239 2117 quid
1271 2061 1474 2106 cubicula
1505 2061 1567 2104 di·
1593 2067 1596 2070 '
1640 2076 1644 2083 ‘

1593 825 1628 852 10

1592 1129 1628 1158 1⁶

281 2226 303 2257 4
329 2223 373 2256 ut
389 2233 465 2258 exc.
482 2224 531 2258 M
545 2224 613 2259 Vs.
671 2229 691 2259 ὃ
712 2226 833 2261 nostri
847 2237 913 2262 om.
930 2228 969 2262 D
982 2228 1038 2264 M.
1056 2251 1097 2254 —
1119 2230 1166 2273 cf.
1177 2230 1252 2266 Cic.
1266 2231 1407 2268 adAtt,
1421 2231 1447 2268 1
1459 2233 1516 2274 14,
1529 2233 1564 2267 3.
1622 2196 1625 2199 ‘

185 2270 416 2326 equotiens
444 2300 450 2306 .
480 2301 487 2307 .
517 2272 855 2327 ..admonebamur
885 2276 1156 2323 RFDps’a‚
1186 2280 1230 2314 ut
1262 2279 1380 2315 etiam
1404 2278 1567 2326 paulum

184 2318 321 2354 itinere
347 2319 513 2373 cedendo
533 2322 810 2368 intempestivis
837 2325 1133 2362 amoenitatibus
1153 2326 1488 2366 submovemurM
1497 2327 1565 2364 Vr.

184 2370 208 2402 8
226 2377 303 2403 non
321 2368 450 2403 tristes
470 2379 551 2405 esse
571 2370 689 2416 RFp
699 2383 729 2406 r.
831 2376 872 2407 11
895 2374 1006 2409 modo
1026 2386 1102 2410 non
1122 2375 1210 2412 fort.
1232 2377 1284 2413 M
1299 2378 1339 2414 V.
1429 2380 1475 2414 18
1494 2375 1567 2412 ali-

185 2415 279 2462 quid
311 2415 426 2462 plane
459 2418 510 2453 M
522 2417 596 2453 Vs.
702 2423 746 2455 14
773 2420 908 2456 audias
935 2425 981 2457 M
994 2423 1033 2458 V.
1141 2427 1186 2460 18
1211 2424 1464 2462 blandiantur
1495 2436 1565 2462 om.

185 2463 308 2510 RFp
320 2475 351 2500 r.
451 2468 497 2501 26
523 2466 714 2502 subiectus
741 2469 904 2505 serviens
931 2471 1028 2507 RF.
1195 2466 1198 2470 ⁴
