1716 2742
479 102 843 141 EPISTULARUM
869 103 923 141 IX
950 108 1111 143 28—32.
1418 108 1510 154 255

76 223 122 266 et
153 221 251 280 ipse
281 220 437 276 laudo,
472 219 510 263 si
542 222 694 263 tamen
726 234 819 263 non
851 219 899 263 in
931 215 1025 264 hos
1049 220 1181 263 solos.
1235 219 1354 264 Volo
1389 221 1510 265 enim

75 299 198 342 eum,
224 283 303 342 qui
334 282 394 328 sit
418 297 521 326 vere
546 281 765 339 liberalis,
789 282 987 326 tribuere
1013 282 1204 339 patriae,
1229 282 1512 342 propinquis,

75 346 317 404 adfinibus,
351 344 526 402 amicis,
559 344 636 389 sed.
670 345 826 389 amicis
861 345 962 389 dico
996 345 1290 403 pauperibus,
1327 361 1420 391 non
1459 350 1512 390 ut

75 408 169 467 isti,
209 409 288 467 qui
325 407 382 452 iis
423 407 712 466 potissimum
755 407 943 464 donant,
987 407 1065 465 qui
1107 407 1273 453 donare
1315 408 1510 453 maxime

75 473 276 530 possunt.
341 470 440 515 Hos
474 485 558 529 ego
591 469 773 514 viscatis
806 469 1092 528 hamatisque
1125 471 1384 515 muneribus
1417 486 1510 516 non
1537 483 1558 516 2

7 584 9 586 ,
74 550 156 580 sua
186 548 392 592 promere
424 535 557 592 puto,
589 532 666 577 sed
699 532 845 576 aliena
877 532 1113 590 corripere.
1179 532 1296 577 Sunt
1327 534 1510 592 ingenio

10 797 47 824 10

10 1111 46 1139 15

0 1482 45 1519 ἱπο

6 1795 43 1823 25

74 596 228 654 simili,
264 597 360 654 qui,
394 596 516 654 quod
548 595 654 640 huic
687 595 876 652 donant,
909 595 1120 639 auferunt
1152 595 1221 639 illi
1254 596 1510 654 famamque

71 659 357 704 liberalitatis
381 658 569 703 avaritia
588 660 762 716 petunt.
810 657 1014 702 Primum
1039 661 1107 702 est
1127 661 1278 702 autem
1302 673 1384 703 suo
1413 674 1509 703 esse
1537 670 1558 703 3

73 724 352 780 contentum,
367 721 542 779 deinde,
564 735 678 778 quos
698 720 938 779 praecipue
956 721 1070 766 scias
1097 720 1311 779 indigere,
1338 724 1510 766 susten-

72 787 245 830 tantem
287 784 606 841 foventemque
646 783 754 827 orbe
797 783 993 841 quodam
1028 783 1292 828 socialitatis
1326 784 1508 829 ambire.

75 846 198 901 Quae
225 850 388 892 cuncta
414 846 452 892 si
477 846 588 891 facit
613 845 711 903 iste,
737 860 1061 904 usquequaque
1085 845 1337 891 laudandus
1365 850 1445 904 est,
1472 848 1510 891 si
1537 859 1559 892 4

72 926 214 955 unum
256 910 446 968 aliquid,
486 909 634 953 minus
675 909 874 967 quidem,
914 908 1166 953 laudandus
1203 912 1371 953 tamen:
1415 913 1509 954 tam

72 988 225 1017 rarum
258 975 328 1018 est
353 972 488 1017 etiam
515 972 803 1031 imperfectae
834 971 1119 1016 liberalitatis
1144 973 1383 1029 exemplar.
1442 972 1510 1016 Ea

73 1035 240 1080 invasit
254 1035 460 1080 homines
480 1034 675 1079 habendi
698 1034 876 1092 cupido,
898 1037 950 1079 ut
969 1034 1191 1092 possideri
1212 1035 1355 1094 magis
1374 1050 1508 1093 quam

73 1098 302 1157 possidere
335 1097 582 1142 videantur.
636 1096 761 1141 Vale.

687 1202 836 1242 XXXI.

463 1278 506 1313 C.
527 1278 734 1312 PLINIUS
763 1278 930 1313 SARDO
959 1278 1055 1313 SUO
1086 1278 1124 1312 S.

166 1342 414 1401 Postquam
454 1359 481 1387 a
522 1345 567 1387 te
607 1343 791 1399 recessi,
832 1358 925 1387 non
965 1342 1113 1386 minus
1156 1345 1328 1399 tecum,
1371 1358 1507 1400 quam
1538 1355 1555 1386 1

71 1421 175 1451 cum
207 1405 264 1450 ad
295 1408 341 1450 te
372 1405 450 1450 fui.
516 1405 628 1465 Legi
661 1405 780 1449 enim
806 1404 973 1449 librum
1007 1408 1136 1449 tuum
1166 1404 1411 1450 identidem
1443 1421 1509 1449 re-

70 1471 228 1527 petens
262 1484 314 1513 ea
353 1468 548 1512 maxime
589 1468 701 1528 (non
744 1468 863 1512 enim
904 1466 1136 1527 mentiar),
1180 1482 1293 1525 quae
1337 1468 1391 1512 de
1438 1484 1508 1512 me

69 1530 310 1590 scripsisti,
342 1531 391 1575 in
424 1531 588 1589 quibus
623 1531 804 1589 quidem
832 1531 1123 1588 percopiosus
1156 1530 1296 1575 fuisti.
1363 1530 1507 1583 Quam

69 1594 233 1652 multa,
272 1608 407 1651 quam
446 1594 590 1651 varia,
629 1609 764 1652 quam
803 1608 897 1637 non
935 1593 1088 1637 eadem
1132 1593 1185 1637 de
1228 1593 1385 1637 eodem
1425 1609 1508 1638 nec

69 1659 222 1701 tamen
248 1656 424 1701 diversa
451 1657 623 1701 dixisti!
676 1656 875 1700 Laudem
903 1655 1072 1713 pariter
1091 1658 1136 1700 et
1155 1656 1324 1715 gratias
1346 1656 1508 1715 agam?
1536 1667 1557 1699 2

68 1719 295 1765 Neutrum
329 1720 438 1764 satis
471 1735 657 1778 possum
691 1721 754 1775 et,
789 1719 826 1762 si
859 1733 1060 1776 possem,
1091 1719 1319 1776 timerem,
1351 1734 1408 1762 ne
1442 1735 1507 1762 ar-

68 1797 234 1842 rogans
269 1785 387 1827 esset
425 1782 484 1827 ob
525 1798 576 1826 ea
614 1781 816 1838 laudare,
857 1781 913 1825 ob
955 1796 1068 1839 quae
1107 1781 1274 1840 gratias
1315 1796 1505 1841 agerem.

69 1843 224 1890 Unum
251 1844 366 1889 illud
393 1845 574 1901 addam,
602 1844 753 1888 omnia
781 1843 892 1887 mihi
918 1846 1045 1888 tanto
1072 1844 1372 1888 laudabiliora
1398 1844 1507 1901 visa,

70 1910 240 1966 quanto
273 1907 558 1964 iucundiora,
591 1909 636 1950 et
667 1908 794 1950 tanto
829 1906 1113 1964 iucundiora,
1146 1909 1315 1964 quanto
1355 1906 1507 1951 lauda-

70 1969 234 2015 biliora
267 1972 406 2014 erant.
472 1970 598 2014 Vale.

705 2034 876 2075 XXXII.

437 2113 478 2146 C.
500 2112 707 2146 PLINIUS
735 2112 946 2147 TITIANO
975 2113 1071 2147 SUO
1100 2113 1137 2147 S.

165 2176 283 2230 Quid
330 2177 448 2236 agis,
497 2176 606 2233 quid
649 2178 830 2220 acturus
875 2176 952 2220 es?
1022 2175 1123 2234 Ipse
1166 2176 1307 2220 vitam
1351 2176 1506 2220 iucun-

69 2240 323 2297 dissimam,
374 2239 420 2283 id
473 2242 542 2283 est
593 2238 934 2296 otiosissimam,
986 2239 1103 2283 vivo.
1175 2238 1278 2291 Quo
1332 2238 1404 2294 fit,
1455 2241 1507 2282 ut

171 2342 219 2376 10
246 2337 451 2375 societatis
478 2350 515 2383 a,
543 2338 595 2374 K.
618 2339 653 2383 I,
679 2349 712 2374 v.
740 2338 839 2384 disp.
861 2338 915 2374 II
927 2340 990 2382 21,
1018 2336 1250 2374 sodalitates
1279 2337 1505 2373 Mommsen.

72 2392 117 2425 12
139 2388 302 2436 aliquod
322 2401 360 2435 a,
383 2388 520 2426 Catan.
600 2391 646 2423 18
667 2389 799 2424 tecum
820 2386 968 2437 (sum)
991 2387 1127 2425 Muell.
1208 2390 1254 2423 19
1277 2386 1329 2422 ad
1348 2388 1388 2423 te
1408 2387 1451 2423 D
1457 2398 1505 2434 p,

71 2439 223 2485 Muezz„
249 2439 448 2484 Hofacker
462 2450 503 2485 p.
519 2439 568 2474 44
588 2438 692 2483 adn„
720 2437 826 2485 apud
847 2439 888 2474 te
914 2446 1021 2483 νςα,
1050 2438 1101 2474 K.
1118 2438 1175 2474 II.
1281 2440 1326 2474 27
1349 2449 1383 2474 v.
1404 2436 1506 2483 Hof-

70 2489 182 2527 acher
201 2501 244 2537 p.
266 2492 327 2527 55.
432 2492 476 2525 31
506 2489 554 2534 cf.
578 2488 775 2534 Hofacker
794 2499 835 2534 p.
858 2491 918 2525 58.
1023 2491 1069 2524 32
1095 2487 1183 2524 vivo
1211 2498 1282 2525 om.
1305 2487 1393 2534 Dp.
