1716 2742
216 117 308 162 334
831 113 870 152 C.
892 114 1029 152 PLINI

215 233 314 276 tuas
355 230 533 274 arbores
541 264 552 287 ,
600 245 712 288 quae
757 244 964 274 somnum
1009 245 1115 274 saxa
1154 229 1475 287 praetexerint,
1521 230 1640 287 quod

215 293 406 350 denique
432 295 601 337 tectum
629 307 818 352 magnus
844 292 1009 350 hospes
1036 292 1309 349 impleveris,
1341 295 1393 337 ut
1418 295 1527 338 tunc
1552 292 1641 351 ipsi

214 356 297 400 tibi
342 355 593 415 ingentium
640 355 804 400 ducum
851 370 975 399 sacra
1020 355 1211 414 vestigia
1254 354 1396 400 isdem
1439 356 1487 399 in
1527 355 1640 400 locis

165 429 186 462 ὅ
214 418 590 463 monstrabantur.
623 418 793 462 Verum
815 418 924 462 haec
946 417 1073 476 olim3
1105 418 1154 462 in
1173 418 1426 476 praesentia
1446 418 1640 476 quidem,

214 481 417 539 quisquis
445 482 580 539 paulo
610 481 828 526 vetustior
855 481 1003 538 miles,
1035 480 1110 525 hic
1136 483 1181 525 te
1207 481 1513 525 commilitone
1540 495 1639 526 cen·
1667 494 1683 522 5

212 547 346 589 setur.
412 544 585 597 Quotus
620 545 739 588 enim
773 544 983 601 quisque,
1019 544 1144 588 cuius
1177 545 1228 588 tu
1260 559 1354 588 non
1386 546 1490 588 ante
1523 558 1640 588 com-

212 607 357 651 milito
392 622 525 664 quam
558 607 832 665 imperator?
883 606 992 651 Inde
1026 609 1111 664 est,
1157 606 1279 664 quod
1310 621 1452 665 prope
1486 621 1639 652 omnes

210 669 392 715 nomine
426 671 650 728 appellas,
684 670 805 727 quod
832 670 1115 729 singulorum
1142 669 1278 714 fortia
1303 669 1424 714 facta
1449 684 1640 714 comme-

211 748 382 792 moras3
423 748 506 778 nec
544 733 713 777 habent
754 732 1087 777 adnumeranda
1125 732 1210 776 tibi
1248 747 1330 791 pro
1370 748 1418 777 re
1458 732 1640 790 publica

210 797 416 854 vulnera,
455 796 619 853 quibus
654 795 806 840 statim
839 797 883 840 et
915 795 1123 840 laudator
1156 797 1201 839 et
1232 795 1360 840 testis
1395 795 1638 855 contigisti.
1667 809 1703 837 10

136 854 196 902 16
306 857 394 903 Sed
413 861 540 903 tanto
562 859 705 918 magis
726 858 1024 917 praedicanda
1044 860 1112 903 est
1133 857 1379 903 moderatio
1400 861 1492 916 tua,
1518 859 1640 916 quod

210 921 454 966 innutritus
488 921 661 967 bellicis
694 921 902 966 laudibus
941 936 1098 979 pacem
1131 937 1252 966 amas
1285 935 1388 979 nec,
1431 921 1537 980 quia
1569 922 1641 966 vel

210 987 339 1043 pater
379 984 466 1029 tibi
507 984 793 1042 triumphalis
833 985 906 1029 vel
945 983 1200 1042 adoptionis
1240 986 1343 1029 tuae
1384 984 1455 1028 die
1495 983 1641 1029 dicata

213 1046 467 1106 Capitolino
487 1047 587 1092 Iovi
605 1048 777 1102 laurus,
798 1047 965 1092 idcirco
988 1063 1043 1092 ex
1064 1047 1297 1092 occasione
1319 1047 1443 1092 omni
1463 1047 1639 1105 quaeris
1710 1049 1713 1052 ’

161 1121 181 1152 2
209 1110 476 1169 triumphos.
542 1110 649 1156 Non
681 1110 811 1155 times
852 1111 971 1155 bella
1003 1125 1087 1155 nec
1125 1125 1356 1168 provocas.
1422 1109 1639 1169 Magnum
1667 1126 1702 1155 ιε

210 1176 296 1231 est,
327 1174 574 1232 imperator
605 1173 830 1233 Auguste,
863 1189 1079 1233 magnum
1112 1176 1180 1218 est
1212 1176 1328 1219 stare
1361 1173 1410 1217 in
1441 1172 1640 1218 Danubii

208 1236 324 1295 ripa,
359 1237 398 1281 si
423 1239 643 1295 transeas,
671 1239 842 1282 certum
868 1236 1090 1294 triumphi
1115 1252 1198 1281 nec
1226 1236 1450 1281 decertare
1478 1251 1640 1294 cupere

210 1315 310 1345 cum
338 1300 666 1356 recusantibus3
695 1315 886 1357 quorum
914 1300 1103 1344 alterum
1130 1299 1415 1356 fortitudine,
1447 1300 1639 1344 alterum

158 1373 179 1406 3
208 1363 514 1407 moderatione
560 1363 766 1407 efficitur.
831 1362 969 1420 Nam,
1024 1365 1075 1406 ut
1120 1363 1216 1420 ipse
1261 1361 1379 1406 nolis
1424 1377 1640 1422 pugnare,

207 1426 479 1483 moderatio,
510 1425 728 1470 fortitudo
763 1428 842 1470 tua
874 1428 1090 1484 praestat,
1124 1428 1176 1470 ut
1206 1441 1353 1483 neque
1385 1424 1538 1470 hostes
1571 1425 1640 1470 tui
1666 1439 1716 1469 πο.

207 1489 359 1533 velint.
407 1488 614 1547 Accipiet
647 1504 753 1548 ergo
788 1488 1030 1546 aliquando
1060 1487 1333 1546 Capitolium
1367 1503 1462 1533 non
1494 1487 1639 1532 mimi·
1714 1491 1716 1494 ⁴

208 1566 282 1597 cos
317 1567 472 1596 currus
506 1567 590 1596 nec
622 1552 762 1597 falsae
797 1551 1035 1596 simulacra
1067 1551 1300 1607 victoriae,
1340 1551 1418 1596 sed
1449 1551 1638 1610 impera-

206 1618 351 1660 torem
375 1631 527 1660 veram
554 1630 606 1660 ac
635 1615 825 1660 solidam
847 1614 1038 1674 gloriam
1060 1617 1365 1673 reportantem
1387 1614 1641 1672 tranquilli-

207 1680 346 1723 tatem
379 1681 423 1722 et
455 1681 548 1722 tam
582 1678 787 1722 confessa
812 1677 1013 1722 hostium
1047 1677 1281 1735 obsequia,
1313 1680 1364 1722 ut
1390 1677 1637 1722 vincendus

158 1752 180 1785 4
207 1757 339 1786 nemo
360 1741 508 1785 fuerit.
567 1740 805 1786 Pulchrius
826 1740 914 1785 hoc
935 1740 1144 1785 omnibus
1165 1740 1418 1798 triumphis.
1477 1739 1637 1798 Neque
1664 1747 1716 1813 261

206 1804 325 1848 enim
352 1819 568 1862 umquam
601 1804 690 1848 nisi
724 1820 779 1848 ex
805 1806 1069 1862 contemptu
1094 1803 1272 1862 imperii
1297 1803 1442 1848 nostri
1467 1803 1637 1848 factum
1710 1822 1716 1862 ς

157 1878 178 1911 5
207 1870 287 1925 est,
309 1869 361 1911 ut
381 1867 673 1912 vinceremus.
720 1866 890 1921 Quodsi
912 1867 1012 1924 quis
1034 1866 1250 1911 barbarus
1270 1882 1350 1911 rex
1370 1881 1422 1910 eo
1445 1866 1638 1911 insolen-

203 1930 292 1974 tiae
306 1930 560 1988 furorisque
575 1930 856 1988 processerit,
863 1932 914 1974 ut
926 1930 1039 1974 iram
1053 1932 1178 1974 tuam
1190 1929 1638 1989 indignationemque
1708 1870 1716 1985 t

205 1995 439 2051 mereatur,
465 2009 523 2038 ne
549 1992 638 2051 ille,
667 1994 760 2038 sive
784 1993 1003 2037 interfuso
1026 1992 1139 2036 mari
1167 2008 1245 2038 seu
1272 1992 1533 2037 fluminibus
1556 1992 1638 2036 im·
1710 1990 1716 2052 1

205 2056 370 2102 mensis
398 2071 476 2101 seu
503 2056 739 2114 praecipiti
766 2059 918 2101 monte
943 2056 1209 2113 defenditur,
1230 2055 1382 2100 omnia
1406 2055 1517 2100 haec
1543 2057 1637 2100 tam
1663 2067 1703 2096 8⁰

205 2135 348 2177 prona
359 2122 543 2177 tamque
557 2119 760 2164 cedentia
772 2118 1015 2163 virtutibus
1030 2119 1119 2163 tuis
1136 2118 1310 2176 sentiet,
1320 2121 1371 2162 ut
1385 2117 1637 2164 subsedisse

205 2185 402 2240 montes,
427 2182 615 2227 flumina
641 2182 877 2240 exaruisse,
905 2182 1204 2240 interceptum
1230 2197 1352 2226 mare
1385 2182 1636 2239 inlatasque
1703 2189 1706 2191 ’

206 2245 292 2290 sibi
317 2261 410 2290 non
436 2260 532 2290 esse
559 2246 721 2290 classes
748 2247 937 2302 nostras,
964 2245 1042 2289 sed
1067 2247 1208 2289 terras
1235 2244 1356 2303 ipsas
1383 2244 1636 2289 arbitretur.

131 2305 190 2354 17
298 2308 465 2353 Videor
509 2308 598 2353 iam
646 2324 825 2353 cernere
870 2323 962 2353 non
1009 2307 1165 2366 spoliis
1211 2306 1545 2366 provinciarum
1592 2309 1636 2351 et

206 2373 381 2416 extorto
416 2371 548 2416 sociis
583 2387 710 2429 auro,
751 2371 828 2415 sed
860 2371 1103 2416 hostilibus
1139 2370 1274 2415 armis
1308 2372 1634 2428 captorumque
1661 2381 1716 2435 ³⁵³:

262 2472 353 2556 21:2⁶4
379 2470 513 2506 videor
533 2469 612 2506 iam
635 2469 792 2519 (mihi)
816 2480 971 2506 cernere
998 2470 1056 2507 vel
1081 2469 1216 2506 videor
1241 2468 1389 2505 intueri
1408 2469 1632 2516 Romaeque

200 2530 241 2568 p.
341 2548 349 2556 .

1703 2562 1716 2742 ᾗ
