<?xml version="1.0" encoding="UTF-8"?>
<!DOCTYPE html PUBLIC "-//W3C//DTD XHTML 1.0 Transitional//EN"
    "http://www.w3.org/TR/xhtml1/DTD/xhtml1-transitional.dtd">
<html xmlns="http://www.w3.org/1999/xhtml" xml:lang="en" lang="en">
 <head>
  <title>
</title>
<meta http-equiv="Content-Type" content="text/html;charset=utf-8" />
  <meta name='ocr-system' content='tesseract 3.04.00' />
  <meta name='ocr-capabilities' content='ocr_page ocr_carea ocr_par ocr_line ocrx_word'/>
</head>
<body>
  <div class='ocr_page' id='page_1' title='image "./epistularumlibr00plin_0295.png"; bbox 0 0 1716 2742; ppageno 0'>
   <div class='ocr_carea' id='block_1_1' title="bbox 535 121 1518 170">
    <p class='ocr_par' dir='ltr' id='par_1_1' title="bbox 535 121 1518 170">
     <span class='ocr_line' id='line_1_1' title="bbox 535 121 1518 170; baseline 0.004 -11"><span class='ocrx_word' id='word_1_1' title='bbox 535 121 900 159; x_wconf 86' lang='lat' dir='ltr'><strong>EPISTULARUM</strong></span> <span class='ocrx_word' id='word_1_2' title='bbox 926 126 1085 159; x_wconf 84' lang='lat'><strong>30—33.</strong></span> <span class='ocrx_word' id='word_1_3' title='bbox 1427 125 1518 170; x_wconf 76' lang='grc'><strong>279</strong></span> 
     </span>
    </p>
   </div>
   <div class='ocr_carea' id='block_1_2' title="bbox 568 239 1040 364">
    <p class='ocr_par' dir='ltr' id='par_1_2' title="bbox 568 239 1040 364">
     <span class='ocr_line' id='line_1_2' title="bbox 628 239 978 293; baseline -0.006 -11"><span class='ocrx_word' id='word_1_4' title='bbox 628 241 798 282; x_wconf 86' lang='lat' dir='ltr'>XXXII.</span> <span class='ocrx_word' id='word_1_5' title='bbox 835 239 978 293; x_wconf 78' lang='lat' dir='ltr'>[XLI]</span> 
     </span>
     <span class='ocr_line' id='line_1_3' title="bbox 568 330 1040 364; baseline 0 -1"><span class='ocrx_word' id='word_1_6' title='bbox 568 330 822 364; x_wconf 81' lang='lat' dir='ltr'><strong>TRAIANUS</strong></span> <span class='ocrx_word' id='word_1_7' title='bbox 850 330 1040 364; x_wconf 83' lang='lat' dir='ltr'><strong>PLINIO.</strong></span> 
     </span>
    </p>
   </div>
   <div class='ocr_carea' id='block_1_3' title="bbox 26 411 1568 1213">
    <p class='ocr_par' dir='ltr' id='par_1_3' title="bbox 26 411 1568 1213">
     <span class='ocr_line' id='line_1_4' title="bbox 183 411 1566 470; baseline 0.001 -14"><span class='ocrx_word' id='word_1_8' title='bbox 183 411 520 456; x_wconf 82' lang='lat' dir='ltr'><strong>Meminerimus</strong></span> <span class='ocrx_word' id='word_1_9' title='bbox 559 412 725 457; x_wconf 89' lang='lat' dir='ltr'><strong>idcirco</strong></span> <span class='ocrx_word' id='word_1_10' title='bbox 762 415 806 456; x_wconf 85' lang='lat' dir='ltr'><strong>te</strong></span> <span class='ocrx_word' id='word_1_11' title='bbox 846 412 893 456; x_wconf 93' lang='lat' dir='ltr'><strong>in</strong></span> <span class='ocrx_word' id='word_1_12' title='bbox 931 413 1065 456; x_wconf 85' lang='lat' dir='ltr'><strong>istam</strong></span> <span class='ocrx_word' id='word_1_13' title='bbox 1103 413 1378 470; x_wconf 82' lang='lat' dir='ltr'><strong>provinciam</strong></span> <span class='ocrx_word' id='word_1_14' title='bbox 1416 413 1518 457; x_wconf 86' lang='lat' dir='ltr'><strong>mis-</strong></span> <span class='ocrx_word' id='word_1_15' title='bbox 1548 426 1566 458; x_wconf 87' lang='lat'>1</span> 
     </span>
     <span class='ocr_line' id='line_1_5' title="bbox 90 475 1518 534; baseline -0.001 -14"><span class='ocrx_word' id='word_1_16' title='bbox 90 490 208 533; x_wconf 88' lang='lat' dir='ltr'><strong>sum,</strong></span> <span class='ocrx_word' id='word_1_17' title='bbox 254 475 470 532; x_wconf 86' lang='lat' dir='ltr'><strong>quoniam</strong></span> <span class='ocrx_word' id='word_1_18' title='bbox 514 476 656 519; x_wconf 86' lang='lat' dir='ltr'><strong>multa</strong></span> <span class='ocrx_word' id='word_1_19' title='bbox 698 476 746 518; x_wconf 88' lang='lat' dir='ltr'><strong>in</strong></span> <span class='ocrx_word' id='word_1_20' title='bbox 789 490 841 519; x_wconf 88' lang='lat' dir='ltr'><strong>ea</strong></span> <span class='ocrx_word' id='word_1_21' title='bbox 882 475 1159 519; x_wconf 89' lang='lat' dir='ltr'><strong>emendanda</strong></span> <span class='ocrx_word' id='word_1_22' title='bbox 1202 478 1518 534; x_wconf 82' lang='lat' dir='ltr'><strong>apparuerunt.</strong></span> 
     </span>
     <span class='ocr_line' id='line_1_6' title="bbox 44 537 1520 596; baseline 0.002 -17"><span class='ocrx_word' id='word_1_23' title='bbox 44 550 63 578; x_wconf 81' lang='lat'><strong>5</strong></span> <span class='ocrx_word' id='word_1_24' title='bbox 89 537 191 582; x_wconf 83' lang='lat' dir='ltr'><strong>Erit</strong></span> <span class='ocrx_word' id='word_1_25' title='bbox 232 540 383 582; x_wconf 89' lang='lat' dir='ltr'><strong>autem</strong></span> <span class='ocrx_word' id='word_1_26' title='bbox 418 538 506 582; x_wconf 91' lang='lat' dir='ltr'><strong>hoc</strong></span> <span class='ocrx_word' id='word_1_27' title='bbox 541 538 615 582; x_wconf 87' lang='lat' dir='ltr'><strong>vel</strong></span> <span class='ocrx_word' id='word_1_28' title='bbox 650 537 843 581; x_wconf 83' lang='lat' dir='ltr'><strong>maxime</strong></span> <span class='ocrx_word' id='word_1_29' title='bbox 880 537 1215 596; x_wconf 85' lang='lat' dir='ltr'><strong>corrigendum,</strong></span> <span class='ocrx_word' id='word_1_30' title='bbox 1259 538 1399 596; x_wconf 91' lang='lat' dir='ltr'><strong>quod,</strong></span> <span class='ocrx_word' id='word_1_31' title='bbox 1442 539 1520 595; x_wconf 91' lang='lat' dir='ltr'><strong>qui</strong></span> 
     </span>
     <span class='ocr_line' id='line_1_7' title="bbox 89 600 1521 673; baseline 0.001 -29"><span class='ocrx_word' id='word_1_32' title='bbox 89 600 290 673; x_wconf 57' lang='lat' dir='ltr'><strong>damnati</strong></span> <span class='ocrx_word' id='word_1_33' title='bbox 321 600 377 644; x_wconf 90' lang='lat' dir='ltr'><strong>ad</strong></span> <span class='ocrx_word' id='word_1_34' title='bbox 410 615 601 658; x_wconf 90' lang='lat' dir='ltr'><strong>poenam</strong></span> <span class='ocrx_word' id='word_1_35' title='bbox 634 603 779 657; x_wconf 88' lang='lat' dir='ltr'><strong>erant,</strong></span> <span class='ocrx_word' id='word_1_36' title='bbox 817 615 910 644; x_wconf 90' lang='lat' dir='ltr'><strong>non</strong></span> <span class='ocrx_word' id='word_1_37' title='bbox 943 601 1077 644; x_wconf 91' lang='lat' dir='ltr'><strong>modo</strong></span> <span class='ocrx_word' id='word_1_38' title='bbox 1112 617 1163 645; x_wconf 91' lang='lat' dir='ltr'><strong>ea</strong></span> <span class='ocrx_word' id='word_1_39' title='bbox 1196 602 1291 645; x_wconf 89' lang='lat' dir='ltr'><strong>sine</strong></span> <span class='ocrx_word' id='word_1_40' title='bbox 1325 603 1521 659; x_wconf 88' lang='lat' dir='ltr'><strong>auctore,</strong></span> 
     </span>
     <span class='ocr_line' id='line_1_8' title="bbox 88 663 1519 720; baseline 0 -12"><span class='ocrx_word' id='word_1_41' title='bbox 88 665 140 707; x_wconf 85' lang='lat' dir='ltr'><strong>ut</strong></span> <span class='ocrx_word' id='word_1_42' title='bbox 184 663 362 720; x_wconf 90' lang='lat' dir='ltr'><strong>scribis,</strong></span> <span class='ocrx_word' id='word_1_43' title='bbox 411 663 589 707; x_wconf 87' lang='lat' dir='ltr'><strong>liberati</strong></span> <span class='ocrx_word' id='word_1_44' title='bbox 635 666 759 719; x_wconf 84' lang='lat' dir='ltr'><strong>sunt,</strong></span> <span class='ocrx_word' id='word_1_45' title='bbox 811 663 888 707; x_wconf 84' lang='lat' dir='ltr'><strong>sed</strong></span> <span class='ocrx_word' id='word_1_46' title='bbox 934 663 1069 707; x_wconf 88' lang='lat' dir='ltr'><strong>etiam</strong></span> <span class='ocrx_word' id='word_1_47' title='bbox 1115 664 1161 707; x_wconf 91' lang='lat' dir='ltr'><strong>in</strong></span> <span class='ocrx_word' id='word_1_48' title='bbox 1207 663 1519 708; x_wconf 89' lang='lat' dir='ltr'><strong>condicionem</strong></span> 
     </span>
     <span class='ocr_line' id='line_1_9' title="bbox 88 725 1568 785; baseline 0 -15"><span class='ocrx_word' id='word_1_49' title='bbox 88 725 334 783; x_wconf 88' lang='lat' dir='ltr'><strong>proborum</strong></span> <span class='ocrx_word' id='word_1_50' title='bbox 376 725 686 770; x_wconf 85' lang='lat' dir='ltr'><strong>ministrorum</strong></span> <span class='ocrx_word' id='word_1_51' title='bbox 727 726 1029 769; x_wconf 89' lang='lat' dir='ltr'><strong>retrahuntur.</strong></span> <span class='ocrx_word' id='word_1_52' title='bbox 1060 778 1062 780; x_wconf 10' lang='lat' dir='ltr'>q</span> <span class='ocrx_word' id='word_1_53' title='bbox 1096 725 1182 778; x_wconf 82' lang='lat' dir='ltr'><strong>Qui</strong></span> <span class='ocrx_word' id='word_1_54' title='bbox 1224 726 1363 785; x_wconf 86' lang='lat' dir='ltr'><strong>igitur</strong></span> <span class='ocrx_word' id='word_1_55' title='bbox 1401 727 1520 770; x_wconf 86' lang='lat' dir='ltr'><strong>intra</strong></span> <span class='ocrx_word' id='word_1_56' title='bbox 1547 738 1568 770; x_wconf 76' lang='lat'>2</span> 
     </span>
     <span class='ocr_line' id='line_1_10' title="bbox 87 788 1519 846; baseline 0 -13"><span class='ocrx_word' id='word_1_57' title='bbox 87 788 173 833; x_wconf 90' lang='lat' dir='ltr'><strong>hos</strong></span> <span class='ocrx_word' id='word_1_58' title='bbox 211 789 443 846; x_wconf 83' lang='lat' dir='ltr'><strong>proximos</strong></span> <span class='ocrx_word' id='word_1_59' title='bbox 486 788 638 833; x_wconf 89' lang='lat' dir='ltr'><strong>decem</strong></span> <span class='ocrx_word' id='word_1_60' title='bbox 681 803 822 832; x_wconf 90' lang='lat' dir='ltr'><strong>annos</strong></span> <span class='ocrx_word' id='word_1_61' title='bbox 863 788 1062 832; x_wconf 87' lang='lat' dir='ltr'><strong>damnati</strong></span> <span class='ocrx_word' id='word_1_62' title='bbox 1100 803 1184 832; x_wconf 89' lang='lat' dir='ltr'><strong>nec</strong></span> <span class='ocrx_word' id='word_1_63' title='bbox 1222 789 1316 833; x_wconf 92' lang='lat' dir='ltr'><strong>ullo</strong></span> <span class='ocrx_word' id='word_1_64' title='bbox 1356 788 1519 834; x_wconf 90' lang='lat' dir='ltr'><strong>idoneo</strong></span> 
     </span>
     <span class='ocr_line' id='line_1_11' title="bbox 26 850 1519 910; baseline 0.003 -19"><span class='ocrx_word' id='word_1_65' title='bbox 26 863 64 891; x_wconf 89' lang='lat'><strong>10</strong></span> <span class='ocrx_word' id='word_1_66' title='bbox 89 853 273 896; x_wconf 83' lang='lat' dir='ltr'><strong>auctore</strong></span> <span class='ocrx_word' id='word_1_67' title='bbox 304 851 483 896; x_wconf 85' lang='lat' dir='ltr'><strong>liberati</strong></span> <span class='ocrx_word' id='word_1_68' title='bbox 516 853 639 908; x_wconf 89' lang='lat' dir='ltr'><strong>sunt,</strong></span> <span class='ocrx_word' id='word_1_69' title='bbox 670 850 755 895; x_wconf 91' lang='lat' dir='ltr'><strong>hos</strong></span> <span class='ocrx_word' id='word_1_70' title='bbox 790 851 1019 908; x_wconf 77' lang='lat' dir='ltr'><strong>oportebit</strong></span> <span class='ocrx_word' id='word_1_71' title='bbox 1043 866 1215 909; x_wconf 89' lang='lat' dir='ltr'><strong>poenae</strong></span> <span class='ocrx_word' id='word_1_72' title='bbox 1242 866 1348 895; x_wconf 87' lang='lat' dir='ltr'><strong>suae</strong></span> <span class='ocrx_word' id='word_1_73' title='bbox 1375 852 1519 910; x_wconf 83' lang='lat' dir='ltr'><strong>reddi3</strong></span> 
     </span>
     <span class='ocr_line' id='line_1_12' title="bbox 88 913 1519 972; baseline 0.001 -14"><span class='ocrx_word' id='word_1_74' title='bbox 88 914 128 958; x_wconf 87' lang='lat' dir='ltr'><strong>si</strong></span> <span class='ocrx_word' id='word_1_75' title='bbox 154 913 234 972; x_wconf 90' lang='lat' dir='ltr'><strong>qui</strong></span> <span class='ocrx_word' id='word_1_76' title='bbox 251 913 521 959; x_wconf 81' lang='lat' dir='ltr'><strong>vetustiores</strong></span> <span class='ocrx_word' id='word_1_77' title='bbox 541 914 825 958; x_wconf 74' lang='lat' dir='ltr'><strong>invenientur</strong></span> <span class='ocrx_word' id='word_1_78' title='bbox 844 916 890 957; x_wconf 86' lang='lat' dir='ltr'><strong>et</strong></span> <span class='ocrx_word' id='word_1_79' title='bbox 910 929 1036 958; x_wconf 89' lang='lat' dir='ltr'><strong>senes</strong></span> <span class='ocrx_word' id='word_1_80' title='bbox 1059 913 1181 971; x_wconf 87' lang='lat' dir='ltr'><strong>[ante</strong></span> <span class='ocrx_word' id='word_1_81' title='bbox 1203 929 1343 958; x_wconf 89' lang='lat' dir='ltr'><strong>annos</strong></span> <span class='ocrx_word' id='word_1_82' title='bbox 1365 914 1519 959; x_wconf 90' lang='lat' dir='ltr'><strong>decem</strong></span> 
     </span>
     <span class='ocr_line' id='line_1_13' title="bbox 87 976 1520 1034; baseline 0.001 -14"><span class='ocrx_word' id='word_1_83' title='bbox 87 976 306 1033; x_wconf 83' lang='lat' dir='ltr'><strong>damnati]</strong></span> <span class='ocrx_word' id='word_1_84' title='bbox 314 1011 327 1034; x_wconf 97' lang='lat'><strong>,</strong></span> <span class='ocrx_word' id='word_1_85' title='bbox 360 976 679 1021; x_wconf 75' lang='lat' dir='ltr'><strong>distribuamus</strong></span> <span class='ocrx_word' id='word_1_86' title='bbox 706 976 809 1021; x_wconf 82' lang='lat' dir='ltr'><strong>illos</strong></span> <span class='ocrx_word' id='word_1_87' title='bbox 836 976 884 1020; x_wconf 91' lang='lat' dir='ltr'><strong>in</strong></span> <span class='ocrx_word' id='word_1_88' title='bbox 910 992 962 1020; x_wconf 87' lang='lat' dir='ltr'><strong>ea</strong></span> <span class='ocrx_word' id='word_1_89' title='bbox 987 977 1254 1031; x_wconf 86' lang='lat' dir='ltr'><strong>ministeria,</strong></span> <span class='ocrx_word' id='word_1_90' title='bbox 1288 992 1400 1034; x_wconf 90' lang='lat' dir='ltr'><strong>quae</strong></span> <span class='ocrx_word' id='word_1_91' title='bbox 1427 993 1520 1022; x_wconf 89' lang='lat' dir='ltr'><strong>non</strong></span> 
     </span>
     <span class='ocr_line' id='line_1_14' title="bbox 86 1038 1519 1098; baseline 0.001 -15"><span class='ocrx_word' id='word_1_92' title='bbox 86 1040 224 1098; x_wconf 87' lang='lat' dir='ltr'><strong>longe</strong></span> <span class='ocrx_word' id='word_1_93' title='bbox 263 1055 290 1083; x_wconf 83' lang='lat' dir='ltr'><strong>a</strong></span> <span class='ocrx_word' id='word_1_94' title='bbox 327 1054 474 1097; x_wconf 89' lang='lat' dir='ltr'><strong>poena</strong></span> <span class='ocrx_word' id='word_1_95' title='bbox 510 1039 612 1083; x_wconf 89' lang='lat' dir='ltr'><strong>sint.</strong></span> <span class='ocrx_word' id='word_1_96' title='bbox 679 1038 837 1083; x_wconf 88' lang='lat' dir='ltr'><strong>Solent</strong></span> <span class='ocrx_word' id='word_1_97' title='bbox 873 1040 993 1083; x_wconf 90' lang='lat' dir='ltr'><strong>enim</strong></span> <span class='ocrx_word' id='word_1_98' title='bbox 1023 1040 1118 1083; x_wconf 87' lang='lat' dir='ltr'><strong>eius</strong></span> <span class='ocrx_word' id='word_1_99' title='bbox 1156 1039 1279 1083; x_wconf 89' lang='lat' dir='ltr'><strong>modi</strong></span> <span class='ocrx_word' id='word_1_100' title='bbox 1318 1040 1373 1083; x_wconf 89' lang='lat' dir='ltr'><strong>ad</strong></span> <span class='ocrx_word' id='word_1_101' title='bbox 1410 1040 1519 1084; x_wconf 83' lang='lat' dir='ltr'><strong>bali-</strong></span> 
     </span>
     <span class='ocr_line' id='line_1_15' title="bbox 86 1102 1517 1161; baseline 0.001 -15"><span class='ocrx_word' id='word_1_102' title='bbox 86 1117 241 1159; x_wconf 87' lang='lat' dir='ltr'><strong>neum,</strong></span> <span class='ocrx_word' id='word_1_103' title='bbox 293 1102 350 1146; x_wconf 81' lang='lat' dir='ltr'><strong>ad</strong></span> <span class='ocrx_word' id='word_1_104' title='bbox 401 1102 693 1161; x_wconf 77' lang='lat' dir='ltr'><strong>purgationes</strong></span> <span class='ocrx_word' id='word_1_105' title='bbox 754 1102 1028 1159; x_wconf 82' lang='lat' dir='ltr'><strong>cloacarum,</strong></span> <span class='ocrx_word' id='word_1_106' title='bbox 1085 1103 1192 1146; x_wconf 84' lang='lat' dir='ltr'><strong>item</strong></span> <span class='ocrx_word' id='word_1_107' title='bbox 1244 1103 1517 1147; x_wconf 85' lang='lat' dir='ltr'><strong>munitiones</strong></span> 
     </span>
     <span class='ocr_line' id='line_1_16' title="bbox 27 1165 720 1213; baseline 0 -5"><span class='ocrx_word' id='word_1_108' title='bbox 27 1177 63 1204; x_wconf 85' lang='lat'><strong>15</strong></span> <span class='ocrx_word' id='word_1_109' title='bbox 90 1165 265 1209; x_wconf 87' lang='lat' dir='ltr'><strong>viarum</strong></span> <span class='ocrx_word' id='word_1_110' title='bbox 298 1167 344 1209; x_wconf 88' lang='lat' dir='ltr'><strong>et</strong></span> <span class='ocrx_word' id='word_1_111' title='bbox 374 1165 577 1210; x_wconf 85' lang='lat' dir='ltr'><strong>vicorum</strong></span> <span class='ocrx_word' id='word_1_112' title='bbox 610 1165 720 1213; x_wconf 84' lang='lat' dir='ltr'><strong>dari.</strong></span> 
     </span>
    </p>
   </div>
   <div class='ocr_carea' id='block_1_4' title="bbox 364 1294 1251 1419">
    <p class='ocr_par' dir='ltr' id='par_1_4' title="bbox 364 1294 1251 1419">
     <span class='ocr_line' id='line_1_17' title="bbox 601 1294 1001 1348; baseline 0 -13"><span class='ocrx_word' id='word_1_113' title='bbox 601 1296 794 1336; x_wconf 90' lang='lat' dir='ltr'>XXXIII.</span> <span class='ocrx_word' id='word_1_114' title='bbox 834 1294 1001 1348; x_wconf 79' lang='lat' dir='ltr'>[XLII]</span> 
     </span>
     <span class='ocr_line' id='line_1_18' title="bbox 364 1384 1251 1419; baseline 0.001 -1"><span class='ocrx_word' id='word_1_115' title='bbox 364 1384 407 1418; x_wconf 89' lang='lat' dir='ltr'><strong>C.</strong></span> <span class='ocrx_word' id='word_1_116' title='bbox 428 1385 636 1419; x_wconf 83' lang='lat' dir='ltr'><strong>PLINIUS</strong></span> <span class='ocrx_word' id='word_1_117' title='bbox 665 1385 889 1419; x_wconf 76' lang='lat' dir='ltr'>TRAIANO</span> <span class='ocrx_word' id='word_1_118' title='bbox 918 1386 1251 1419; x_wconf 78' lang='lat' dir='ltr'>IMPERATORI.</span> 
     </span>
    </p>
   </div>
   <div class='ocr_carea' id='block_1_5' title="bbox 19 1465 1567 2278">
    <p class='ocr_par' dir='ltr' id='par_1_5' title="bbox 19 1465 1567 2278">
     <span class='ocr_line' id='line_1_19' title="bbox 181 1465 1566 1525; baseline 0.001 -14"><span class='ocrx_word' id='word_1_119' title='bbox 181 1465 295 1511; x_wconf 86' lang='lat' dir='ltr'><strong>Cum</strong></span> <span class='ocrx_word' id='word_1_120' title='bbox 327 1467 550 1512; x_wconf 84' lang='lat' dir='ltr'><strong>diversam</strong></span> <span class='ocrx_word' id='word_1_121' title='bbox 583 1471 758 1525; x_wconf 89' lang='lat' dir='ltr'><strong>partem</strong></span> <span class='ocrx_word' id='word_1_122' title='bbox 799 1468 1057 1525; x_wconf 84' lang='lat' dir='ltr'><strong>provinciae</strong></span> <span class='ocrx_word' id='word_1_123' title='bbox 1098 1468 1401 1525; x_wconf 81' lang='lat' dir='ltr'><strong>circumirem,</strong></span> <span class='ocrx_word' id='word_1_124' title='bbox 1439 1467 1519 1513; x_wconf 82' lang='lat' dir='ltr'><strong>Ni-</strong></span> <span class='ocrx_word' id='word_1_125' title='bbox 1548 1482 1566 1514; x_wconf 93' lang='lat'>1</span> 
     </span>
     <span class='ocr_line' id='line_1_20' title="bbox 86 1530 1519 1588; baseline 0 -13"><span class='ocrx_word' id='word_1_126' title='bbox 86 1530 314 1575; x_wconf 83' lang='lat' dir='ltr'><strong>comediae</strong></span> <span class='ocrx_word' id='word_1_127' title='bbox 360 1530 666 1574; x_wconf 83' lang='lat' dir='ltr'><strong>vastissimum</strong></span> <span class='ocrx_word' id='word_1_128' title='bbox 718 1531 975 1575; x_wconf 87' lang='lat' dir='ltr'><strong>incendium</strong></span> <span class='ocrx_word' id='word_1_129' title='bbox 1028 1531 1193 1574; x_wconf 90' lang='lat' dir='ltr'><strong>multas</strong></span> <span class='ocrx_word' id='word_1_130' title='bbox 1238 1531 1519 1588; x_wconf 85' lang='lat' dir='ltr'><strong>privatorum</strong></span> 
     </span>
     <span class='ocr_line' id='line_1_21' title="bbox 21 1592 1519 1651; baseline 0.002 -16"><span class='ocrx_word' id='word_1_131' title='bbox 21 1606 59 1634; x_wconf 63' lang='grc' dir='ltr'><strong>ιο</strong></span> <span class='ocrx_word' id='word_1_132' title='bbox 85 1592 244 1637; x_wconf 89' lang='lat' dir='ltr'><strong>domos</strong></span> <span class='ocrx_word' id='word_1_133' title='bbox 265 1595 310 1637; x_wconf 90' lang='lat' dir='ltr'><strong>et</strong></span> <span class='ocrx_word' id='word_1_134' title='bbox 336 1592 424 1637; x_wconf 92' lang='lat' dir='ltr'><strong>duo</strong></span> <span class='ocrx_word' id='word_1_135' title='bbox 449 1592 631 1651; x_wconf 90' lang='lat' dir='ltr'><strong>publica</strong></span> <span class='ocrx_word' id='word_1_136' title='bbox 658 1609 795 1651; x_wconf 89' lang='lat' dir='ltr'><strong>opera</strong></span> <span class='ocrx_word' id='word_1_137' title='bbox 822 1608 1095 1650; x_wconf 88' lang='lat' dir='ltr'><strong>quamquam</strong></span> <span class='ocrx_word' id='word_1_138' title='bbox 1116 1593 1190 1637; x_wconf 81' lang='lat' dir='ltr'><strong>via</strong></span> <span class='ocrx_word' id='word_1_139' title='bbox 1215 1594 1519 1651; x_wconf 86' lang='lat' dir='ltr'><strong>interiacente,</strong></span> 
     </span>
     <span class='ocr_line' id='line_1_22' title="bbox 86 1654 1567 1714; baseline 0.001 -14"><span class='ocrx_word' id='word_1_140' title='bbox 86 1654 304 1700; x_wconf 84' lang='lat' dir='ltr'><strong>Gerusian</strong></span> <span class='ocrx_word' id='word_1_141' title='bbox 325 1658 371 1699; x_wconf 90' lang='lat' dir='ltr'><strong>et</strong></span> <span class='ocrx_word' id='word_1_142' title='bbox 389 1654 544 1713; x_wconf 89' lang='lat' dir='ltr'><strong>Iseon,</strong></span> <span class='ocrx_word' id='word_1_143' title='bbox 572 1656 834 1714; x_wconf 85' lang='lat' dir='ltr'><strong>absumpsit.</strong></span> <span class='ocrx_word' id='word_1_144' title='bbox 880 1656 965 1700; x_wconf 84' lang='lat' dir='ltr'><strong>Est</strong></span> <span class='ocrx_word' id='word_1_145' title='bbox 986 1659 1136 1700; x_wconf 89' lang='lat' dir='ltr'><strong>autem</strong></span> <span class='ocrx_word' id='word_1_146' title='bbox 1155 1656 1291 1700; x_wconf 88' lang='lat' dir='ltr'><strong>latius</strong></span> <span class='ocrx_word' id='word_1_147' title='bbox 1313 1671 1519 1714; x_wconf 84' lang='lat' dir='ltr'><strong>sparsum</strong></span> <span class='ocrx_word' id='word_1_148' title='bbox 1546 1669 1567 1702; x_wconf 81' lang='lat'><strong>2</strong></span> 
     </span>
     <span class='ocr_line' id='line_1_23' title="bbox 84 1718 1518 1777; baseline 0 -14"><span class='ocrx_word' id='word_1_149' title='bbox 84 1718 281 1777; x_wconf 90' lang='lat' dir='ltr'><strong>primum</strong></span> <span class='ocrx_word' id='word_1_150' title='bbox 313 1719 530 1763; x_wconf 83' lang='lat' dir='ltr'><strong>violentia</strong></span> <span class='ocrx_word' id='word_1_151' title='bbox 562 1719 704 1775; x_wconf 87' lang='lat' dir='ltr'><strong>venti,</strong></span> <span class='ocrx_word' id='word_1_152' title='bbox 738 1719 896 1763; x_wconf 89' lang='lat' dir='ltr'><strong>deinde</strong></span> <span class='ocrx_word' id='word_1_153' title='bbox 923 1719 1085 1762; x_wconf 86' lang='lat' dir='ltr'><strong>inertia</strong></span> <span class='ocrx_word' id='word_1_154' title='bbox 1114 1718 1372 1776; x_wconf 89' lang='lat' dir='ltr'><strong>hominum,</strong></span> <span class='ocrx_word' id='word_1_155' title='bbox 1405 1734 1518 1777; x_wconf 92' lang='lat' dir='ltr'><strong>quos</strong></span> 
     </span>
     <span class='ocr_line' id='line_1_24' title="bbox 85 1781 1518 1839; baseline 0 -13"><span class='ocrx_word' id='word_1_156' title='bbox 85 1781 194 1826; x_wconf 82' lang='lat' dir='ltr'><strong>satis</strong></span> <span class='ocrx_word' id='word_1_157' title='bbox 220 1783 399 1826; x_wconf 84' lang='lat' dir='ltr'><strong>constat</strong></span> <span class='ocrx_word' id='word_1_158' title='bbox 425 1782 596 1826; x_wconf 87' lang='lat' dir='ltr'><strong>otiosos</strong></span> <span class='ocrx_word' id='word_1_159' title='bbox 624 1784 669 1825; x_wconf 87' lang='lat' dir='ltr'><strong>et</strong></span> <span class='ocrx_word' id='word_1_160' title='bbox 700 1781 938 1826; x_wconf 90' lang='lat' dir='ltr'><strong>inmobiles</strong></span> <span class='ocrx_word' id='word_1_161' title='bbox 965 1782 1082 1825; x_wconf 88' lang='lat' dir='ltr'><strong>tanti</strong></span> <span class='ocrx_word' id='word_1_162' title='bbox 1109 1781 1217 1826; x_wconf 88' lang='lat' dir='ltr'><strong>mali</strong></span> <span class='ocrx_word' id='word_1_163' title='bbox 1244 1785 1518 1839; x_wconf 84' lang='lat' dir='ltr'><strong>spectatores</strong></span> 
     </span>
     <span class='ocr_line' id='line_1_25' title="bbox 83 1844 1553 1905; baseline 0.001 -17"><span class='ocrx_word' id='word_1_164' title='bbox 83 1844 354 1902; x_wconf 82' lang='lat' dir='ltr'><strong>perstitisse3</strong></span> <span class='ocrx_word' id='word_1_165' title='bbox 393 1847 438 1887; x_wconf 83' lang='lat' dir='ltr'><strong>et</strong></span> <span class='ocrx_word' id='word_1_166' title='bbox 477 1844 648 1901; x_wconf 85' lang='lat' dir='ltr'><strong>alioqui</strong></span> <span class='ocrx_word' id='word_1_167' title='bbox 683 1844 835 1889; x_wconf 89' lang='lat' dir='ltr'><strong>nuHus</strong></span> <span class='ocrx_word' id='word_1_168' title='bbox 871 1859 1063 1902; x_wconf 88' lang='lat' dir='ltr'><strong>usquam</strong></span> <span class='ocrx_word' id='word_1_169' title='bbox 1101 1845 1146 1887; x_wconf 88' lang='lat' dir='ltr'><strong>in</strong></span> <span class='ocrx_word' id='word_1_170' title='bbox 1184 1844 1368 1902; x_wconf 90' lang='lat' dir='ltr'><strong>publico</strong></span> <span class='ocrx_word' id='word_1_171' title='bbox 1407 1845 1519 1902; x_wconf 87' lang='lat' dir='ltr'><strong>sipo,</strong></span> <span class='ocrx_word' id='word_1_172' title='bbox 1545 1892 1553 1905; x_wconf 23' lang='lat' dir='ltr'><strong>a,</strong></span> 
     </span>
     <span class='ocr_line' id='line_1_26' title="bbox 19 1906 1520 1965; baseline 0.002 -16"><span class='ocrx_word' id='word_1_173' title='bbox 19 1921 57 1949; x_wconf 65' lang='grc' dir='ltr'><strong>ιε</strong></span> <span class='ocrx_word' id='word_1_174' title='bbox 83 1907 210 1951; x_wconf 85' lang='lat' dir='ltr'><strong>nulla</strong></span> <span class='ocrx_word' id='word_1_175' title='bbox 239 1906 393 1964; x_wconf 88' lang='lat' dir='ltr'><strong>hama,</strong></span> <span class='ocrx_word' id='word_1_176' title='bbox 424 1907 602 1950; x_wconf 89' lang='lat' dir='ltr'><strong>nullum</strong></span> <span class='ocrx_word' id='word_1_177' title='bbox 636 1906 828 1965; x_wconf 86' lang='lat' dir='ltr'><strong>denique</strong></span> <span class='ocrx_word' id='word_1_178' title='bbox 853 1907 1203 1951; x_wconf 87' lang='lat' dir='ltr'><strong>instrumentum</strong></span> <span class='ocrx_word' id='word_1_179' title='bbox 1231 1907 1286 1951; x_wconf 83' lang='lat' dir='ltr'><strong>ad</strong></span> <span class='ocrx_word' id='word_1_180' title='bbox 1313 1907 1520 1952; x_wconf 75' lang='lat' dir='ltr'><strong>incendia</strong></span> 
     </span>
     <span class='ocr_line' id='line_1_27' title="bbox 84 1969 1518 2028; baseline 0 -14"><span class='ocrx_word' id='word_1_181' title='bbox 84 1969 420 2027; x_wconf 89' lang='lat' dir='ltr'><strong>compescenda.</strong></span> <span class='ocrx_word' id='word_1_182' title='bbox 447 1969 508 2013; x_wconf 85' lang='lat' dir='ltr'><strong>Et</strong></span> <span class='ocrx_word' id='word_1_183' title='bbox 527 1969 640 2013; x_wconf 86' lang='lat' dir='ltr'><strong>haec</strong></span> <span class='ocrx_word' id='word_1_184' title='bbox 662 1970 856 2027; x_wconf 87' lang='lat' dir='ltr'><strong>quidem,</strong></span> <span class='ocrx_word' id='word_1_185' title='bbox 876 1972 928 2013; x_wconf 91' lang='lat' dir='ltr'><strong>ut</strong></span> <span class='ocrx_word' id='word_1_186' title='bbox 948 1970 1034 2013; x_wconf 88' lang='lat' dir='ltr'><strong>iam</strong></span> <span class='ocrx_word' id='word_1_187' title='bbox 1058 1970 1281 2027; x_wconf 88' lang='lat' dir='ltr'><strong>praecepi,</strong></span> <span class='ocrx_word' id='word_1_188' title='bbox 1295 1970 1518 2028; x_wconf 86' lang='lat' dir='ltr'><strong>parabun-</strong></span> 
     </span>
     <span class='ocr_line' id='line_1_28' title="bbox 83 2025 1567 2090; baseline 0.001 -14"><span class='ocrx_word' id='word_1_189' title='bbox 83 2035 170 2076; x_wconf 88' lang='lat' dir='ltr'><strong>tur.</strong></span> <span class='ocrx_word' id='word_1_190' title='bbox 235 2031 322 2090; x_wconf 85' lang='lat' dir='ltr'><strong>Tu,</strong></span> <span class='ocrx_word' id='word_1_191' title='bbox 339 2025 556 2089; x_wconf 66' lang='lat' dir='ltr'><strong>‘domine,</strong></span> <span class='ocrx_word' id='word_1_192' title='bbox 584 2032 772 2089; x_wconf 80' lang='lat' dir='ltr'><strong>dispice,</strong></span> <span class='ocrx_word' id='word_1_193' title='bbox 806 2048 863 2076; x_wconf 87' lang='lat' dir='ltr'><strong>an</strong></span> <span class='ocrx_word' id='word_1_194' title='bbox 883 2033 1210 2076; x_wconf 85' lang='lat' dir='ltr'><strong>instituendum</strong></span> <span class='ocrx_word' id='word_1_195' title='bbox 1231 2035 1362 2090; x_wconf 91' lang='lat' dir='ltr'><strong>putes</strong></span> <span class='ocrx_word' id='word_1_196' title='bbox 1385 2033 1518 2077; x_wconf 89' lang='lat' dir='ltr'><strong>colle-</strong></span> <span class='ocrx_word' id='word_1_197' title='bbox 1546 2045 1567 2078; x_wconf 83' lang='lat'><strong>3</strong></span> 
     </span>
     <span class='ocr_line' id='line_1_29' title="bbox 83 2093 1518 2155; baseline 0.001 -17"><span class='ocrx_word' id='word_1_198' title='bbox 83 2095 210 2155; x_wconf 89' lang='lat' dir='ltr'><strong>gium</strong></span> <span class='ocrx_word' id='word_1_199' title='bbox 235 2094 466 2139; x_wconf 86' lang='lat' dir='ltr'><strong>fabrorum</strong></span> <span class='ocrx_word' id='word_1_200' title='bbox 488 2095 723 2139; x_wconf 86' lang='lat' dir='ltr'><strong>dumtaxat</strong></span> <span class='ocrx_word' id='word_1_201' title='bbox 748 2095 982 2139; x_wconf 88' lang='lat' dir='ltr'><strong>hominum</strong></span> <span class='ocrx_word' id='word_1_202' title='bbox 1005 2093 1088 2139; x_wconf 81' lang='lat' dir='ltr'><strong>GL.</strong></span> <span class='ocrx_word' id='word_1_203' title='bbox 1148 2095 1249 2154; x_wconf 87' lang='lat' dir='ltr'><strong>Ego</strong></span> <span class='ocrx_word' id='word_1_204' title='bbox 1277 2096 1518 2153; x_wconf 87' lang='lat' dir='ltr'><strong>attendam,</strong></span> 
     </span>
     <span class='ocr_line' id='line_1_30' title="bbox 82 2157 1519 2215; baseline 0 -13"><span class='ocrx_word' id='word_1_205' title='bbox 82 2173 139 2202; x_wconf 87' lang='lat' dir='ltr'><strong>ne</strong></span> <span class='ocrx_word' id='word_1_206' title='bbox 186 2158 287 2215; x_wconf 87' lang='lat' dir='ltr'><strong>quis</strong></span> <span class='ocrx_word' id='word_1_207' title='bbox 332 2158 421 2201; x_wconf 88' lang='lat' dir='ltr'><strong>nisi</strong></span> <span class='ocrx_word' id='word_1_208' title='bbox 466 2157 594 2201; x_wconf 86' lang='lat' dir='ltr'><strong>faber</strong></span> <span class='ocrx_word' id='word_1_209' title='bbox 638 2158 883 2215; x_wconf 89' lang='lat' dir='ltr'><strong>recipiatur</strong></span> <span class='ocrx_word' id='word_1_210' title='bbox 921 2173 1033 2201; x_wconf 86' lang='lat' dir='ltr'><strong>neve</strong></span> <span class='ocrx_word' id='word_1_211' title='bbox 1078 2157 1174 2202; x_wconf 80' lang='lat' dir='ltr'><strong>iure</strong></span> <span class='ocrx_word' id='word_1_212' title='bbox 1214 2173 1427 2202; x_wconf 85' lang='lat' dir='ltr'><strong>concesso</strong></span> <span class='ocrx_word' id='word_1_213' title='bbox 1471 2158 1519 2202; x_wconf 91' lang='lat' dir='ltr'><strong>in</strong></span> 
     </span>
     <span class='ocr_line' id='line_1_31' title="bbox 21 2220 1453 2278; baseline 0.001 -16"><span class='ocrx_word' id='word_1_214' title='bbox 21 2235 59 2262; x_wconf 74' lang='grc' dir='ltr'><strong><em>ω</em></strong></span> <span class='ocrx_word' id='word_1_215' title='bbox 84 2220 207 2265; x_wconf 89' lang='lat' dir='ltr'><strong>aliud</strong></span> <span class='ocrx_word' id='word_1_216' title='bbox 233 2223 407 2278; x_wconf 81' lang='lat' dir='ltr'><strong>utatur3</strong></span> <span class='ocrx_word' id='word_1_217' title='bbox 439 2234 523 2264; x_wconf 90' lang='lat' dir='ltr'><strong>nec</strong></span> <span class='ocrx_word' id='word_1_218' title='bbox 556 2220 642 2264; x_wconf 87' lang='lat' dir='ltr'><strong>erit</strong></span> <span class='ocrx_word' id='word_1_219' title='bbox 669 2220 854 2265; x_wconf 87' lang='lat' dir='ltr'><strong>difficile</strong></span> <span class='ocrx_word' id='word_1_220' title='bbox 887 2220 1115 2264; x_wconf 85' lang='lat' dir='ltr'><strong>custodire</strong></span> <span class='ocrx_word' id='word_1_221' title='bbox 1146 2223 1238 2264; x_wconf 86' lang='lat' dir='ltr'><strong>tam</strong></span> <span class='ocrx_word' id='word_1_222' title='bbox 1273 2236 1453 2277; x_wconf 88' lang='lat' dir='ltr'><strong>paucos.</strong></span> 
     </span>
    </p>
   </div>
   <div class='ocr_carea' id='block_1_6' title="bbox 86 2295 385 2303">
    <p class='ocr_par' dir='ltr' id='par_1_6' title="bbox 86 2295 385 2303">
     <span class='ocr_line' id='line_1_32' title="bbox 86 2295 385 2303; baseline 0 0"><span class='ocrx_word' id='word_1_223' title='bbox 86 2295 385 2303; x_wconf 95' lang='lat' dir='ltr'><strong> </strong></span> 
     </span>
    </p>
   </div>
   <div class='ocr_carea' id='block_1_7' title="bbox 82 2355 1521 2504">
    <p class='ocr_par' dir='ltr' id='par_1_7' title="bbox 82 2355 1521 2504">
     <span class='ocr_line' id='line_1_33' title="bbox 183 2355 1521 2404; baseline 0 -10"><span class='ocrx_word' id='word_1_224' title='bbox 183 2361 207 2394; x_wconf 78' lang='lat'>4</span> <span class='ocrx_word' id='word_1_225' title='bbox 240 2356 497 2404; x_wconf 81' lang='lat' dir='ltr'><strong>apparuerint</strong></span> <span class='ocrx_word' id='word_1_226' title='bbox 529 2369 567 2402; x_wconf 89' lang='lat' dir='ltr'><strong>a,</strong></span> <span class='ocrx_word' id='word_1_227' title='bbox 601 2357 653 2392; x_wconf 88' lang='lat' dir='ltr'><strong>K.</strong></span> <span class='ocrx_word' id='word_1_228' title='bbox 675 2357 711 2402; x_wconf 84' lang='grc' dir='ltr'><strong>Ι,</strong></span> <span class='ocrx_word' id='word_1_229' title='bbox 744 2357 871 2393; x_wconf 82' lang='lat' dir='ltr'><strong>Hard.</strong></span> <span class='ocrx_word' id='word_1_230' title='bbox 1002 2360 1045 2392; x_wconf 94' lang='lat'><strong>11</strong></span> <span class='ocrx_word' id='word_1_231' title='bbox 1082 2358 1174 2393; x_wconf 88' lang='lat' dir='ltr'><strong>ante</strong></span> <span class='ocrx_word' id='word_1_232' title='bbox 1202 2385 1211 2392; x_wconf 90' lang='lat'><strong>.</strong></span> <span class='ocrx_word' id='word_1_233' title='bbox 1235 2384 1243 2392; x_wconf 91' lang='lat'><strong>.</strong></span> <span class='ocrx_word' id='word_1_234' title='bbox 1271 2355 1451 2393; x_wconf 82' lang='lat' dir='ltr'><strong>damnati</strong></span> <span class='ocrx_word' id='word_1_235' title='bbox 1475 2361 1521 2394; x_wconf 81' lang='lat' dir='ltr'><strong>ut</strong></span> 
     </span>
     <span class='ocr_line' id='line_1_34' title="bbox 82 2406 1518 2456; baseline -0.001 -11"><span class='ocrx_word' id='word_1_236' title='bbox 82 2408 268 2456; x_wconf 66' lang='lat' dir='ltr'><strong>glossema</strong></span> <span class='ocrx_word' id='word_1_237' title='bbox 286 2407 358 2444; x_wconf 83' lang='lat' dir='ltr'><strong>del.</strong></span> <span class='ocrx_word' id='word_1_238' title='bbox 381 2406 587 2444; x_wconf 71' lang='lat' dir='ltr'><strong>Gue‘nther.</strong></span> <span class='ocrx_word' id='word_1_239' title='bbox 690 2410 735 2442; x_wconf 82' lang='lat'><strong>21</strong></span> <span class='ocrx_word' id='word_1_240' title='bbox 757 2406 867 2443; x_wconf 86' lang='lat' dir='ltr'><strong>Isson</strong></span> <span class='ocrx_word' id='word_1_241' title='bbox 888 2407 981 2452; x_wconf 88' lang='lat' dir='ltr'><strong>Ba,</strong></span> <span class='ocrx_word' id='word_1_242' title='bbox 1002 2407 1142 2443; x_wconf 87' lang='lat' dir='ltr'><strong>Isaeon</strong></span> <span class='ocrx_word' id='word_1_243' title='bbox 1162 2406 1244 2444; x_wconf 82' lang='lat' dir='ltr'><strong>Cat.</strong></span> <span class='ocrx_word' id='word_1_244' title='bbox 1335 2410 1384 2443; x_wconf 82' lang='lat'><strong>24</strong></span> <span class='ocrx_word' id='word_1_245' title='bbox 1404 2406 1518 2454; x_wconf 89' lang='lat' dir='ltr'><strong>sipho</strong></span> 
     </span>
     <span class='ocr_line' id='line_1_35' title="bbox 84 2455 1519 2504; baseline 0 -10"><span class='ocrx_word' id='word_1_246' title='bbox 84 2457 138 2494; x_wconf 91' lang='lat' dir='ltr'><strong>K.</strong></span> <span class='ocrx_word' id='word_1_247' title='bbox 152 2459 188 2504; x_wconf 89' lang='lat'><strong>1,</strong></span> <span class='ocrx_word' id='word_1_248' title='bbox 215 2458 358 2503; x_wconf 62' lang='lat' dir='ltr'><strong>Hard„</strong></span> <span class='ocrx_word' id='word_1_249' title='bbox 390 2457 456 2494; x_wconf 81' lang='lat' dir='ltr'><strong>sed</strong></span> <span class='ocrx_word' id='word_1_250' title='bbox 488 2458 536 2503; x_wconf 84' lang='lat' dir='ltr'><strong>cf.</strong></span> <span class='ocrx_word' id='word_1_251' title='bbox 565 2468 621 2503; x_wconf 83' lang='lat' dir='ltr'><strong>ep.</strong></span> <span class='ocrx_word' id='word_1_252' title='bbox 645 2457 682 2494; x_wconf 91' lang='lat' dir='ltr'><strong><em>V</em></strong></span> <span class='ocrx_word' id='word_1_253' title='bbox 702 2459 738 2502; x_wconf 73' lang='lat'><strong>6,</strong></span> <span class='ocrx_word' id='word_1_254' title='bbox 764 2459 837 2502; x_wconf 82' lang='lat'><strong>23,·</strong></span> <span class='ocrx_word' id='word_1_255' title='bbox 862 2459 923 2494; x_wconf 85' lang='lat'><strong>36.</strong></span> <span class='ocrx_word' id='word_1_256' title='bbox 1078 2460 1125 2493; x_wconf 84' lang='lat'><strong>26</strong></span> <span class='ocrx_word' id='word_1_257' title='bbox 1158 2455 1406 2504; x_wconf 80' lang='lat' dir='ltr'><strong>parabantur</strong></span> <span class='ocrx_word' id='word_1_258' title='bbox 1431 2457 1519 2494; x_wconf 82' lang='lat' dir='ltr'><strong>Ba.</strong></span> 
     </span>
    </p>
   </div>
   <div class='ocr_carea' id='block_1_8' title="bbox 85 2507 853 2552">
    <p class='ocr_par' dir='ltr' id='par_1_8' title="bbox 85 2507 853 2552">
     <span class='ocr_line' id='line_1_36' title="bbox 85 2507 853 2552; baseline 0 -8"><span class='ocrx_word' id='word_1_259' title='bbox 85 2511 133 2544; x_wconf 82' lang='lat'><strong>30</strong></span> <span class='ocrx_word' id='word_1_260' title='bbox 157 2508 322 2545; x_wconf 78' lang='lat' dir='ltr'><strong>utantur</strong></span> <span class='ocrx_word' id='word_1_261' title='bbox 349 2508 541 2552; x_wconf 62' lang='lat' dir='ltr'><strong>DIo‘mms„</strong></span> <span class='ocrx_word' id='word_1_262' title='bbox 569 2507 621 2543; x_wconf 89' lang='lat' dir='ltr'><strong>K.</strong></span> <span class='ocrx_word' id='word_1_263' title='bbox 638 2508 697 2552; x_wconf 85' lang='lat' dir='ltr'><strong>H,</strong></span> <span class='ocrx_word' id='word_1_264' title='bbox 725 2507 853 2544; x_wconf 84' lang='lat' dir='ltr'><strong>Hard.</strong></span> 
     </span>
    </p>
   </div>
  </div>
 </body>
</html>
