1630 2678
160 125 246 171 104
743 119 781 156 C.
809 117 942 155 PLINI

109 246 131 279 8
156 234 478 279 tenacissimum
523 232 746 275 vinculum
790 244 961 274 morum
1012 227 1275 272 similitude·
1344 225 1459 272 Sunt
1501 228 1541 272 ei

155 295 283 339 liberi
314 295 469 351 plures.
532 291 647 335 Nam
686 292 732 334 in
764 291 847 334 hoc
880 305 1055 347 quoque
1086 289 1265 333 functus
1285 290 1353 333 est
1383 288 1542 347 optimi

158 356 264 400 civis
297 355 460 410 officio,
493 353 610 410 quod
641 352 906 396 fecunditate
945 350 1093 394 uxoris
1125 350 1249 408 large
1279 349 1368 394 frui
1399 350 1543 395 voluit

158 432 208 461 eo
241 416 425 470 saeculo,
457 429 542 470 quo
572 413 791 470 plerisque
811 413 940 456 etiam
976 411 1175 470 singulos
1201 410 1319 455 filios
1338 410 1540 456 orbitatis

158 477 348 535 praemia
379 490 531 533 graves
564 474 750 530 faciunt3
784 473 941 530 quibus
974 473 1049 516 ille
1082 472 1298 528 despectis
1330 472 1400 517 avi
1434 487 1541 529 quo·
1565 493 1582 521 ⁶

160 553 242 594 que
273 552 431 580 nomen
463 535 715 592 adsumpsit.
779 535 863 579 Est
894 534 1010 577 enim
1043 549 1169 589 avus,
1201 535 1246 577 et
1283 533 1460 590 quidem
1487 549 1541 578 ex

160 598 330 642 Saturio
363 597 523 652 Firmo,
556 611 685 653 quem
712 595 868 654 diliges
894 598 944 638 ut
976 609 1071 653 ego,
1104 595 1142 638 si
1166 596 1217 638 ut
1249 608 1331 653 ego
1357 595 1540 652 propius

111 669 133 702 4
157 659 407 715 inspexeris.
458 658 578 701 Haec
606 672 656 700 eo
685 657 922 713 pertinent,
941 659 991 699 ut
1008 658 1139 712 scias,
1158 670 1291 712 quam
1305 655 1541 712 copiosam,

159 735 287 776 quam
318 733 595 762 numerosam
628 718 806 761 domum
850 733 938 760 uno
976 717 1189 760 beneficio
1231 717 1292 760 sis
1319 715 1543 775 vobligatu-

158 795 249 838 rus3
287 780 341 823 ad
386 779 502 836 quod
546 779 781 836 petendum
825 781 929 822 voto
974 778 1184 835 primum,
1226 777 1383 822 deinde
1422 777 1541 822 bono
1568 797 1604 825 ιο

112 851 133 884 5
160 840 349 898 quodam
388 840 532 883 omine
573 839 838 883 adducimur.
903 838 1118 896 Optamus
1159 839 1276 882 enim
1316 838 1401 882 tibi
1436 838 1544 883 omi-

158 917 398 958 namurque
429 901 476 944 in
515 902 764 958 proximum
809 915 970 943 annum
1016 901 1312 944 consulatum:
1355 900 1419 944 ita
1461 914 1543 944 nos

159 963 341 1006 virtutes
382 965 500 1017 tuae,
550 962 620 1014 itax
653 961 813 1005 iudicia
863 962 1074 1018 principis
1127 961 1335 1019 augurari
1373 961 1543 1005 volunt.

113 1033 134 1065 6
160 1022 390 1067 Concurrit
420 1025 584 1079 autem,
613 1026 662 1065 ut
694 1023 752 1066 sit
777 1022 927 1066 eodem
953 1038 1068 1066 anno
1095 1026 1302 1079 quaestor
1326 1021 1544 1066 maximus

161 1099 213 1127 ex
242 1083 391 1127 liberis
437 1082 550 1139 Rufi,
595 1082 775 1127 Asinius
819 1083 1000 1140 Bassus,
1044 1083 1215 1127 iuvenis
1257 1081 1447 1142 (nescio,
1487 1098 1544 1127 an
1569 1101 1605 1130 ιε

161 1144 320 1200 dicam,
352 1144 469 1200 quod
500 1160 569 1187 me
601 1148 725 1200 pater
757 1148 800 1187 et
832 1145 990 1188 sentire
1023 1148 1067 1188 et
1098 1145 1242 1189 dicere
1273 1144 1408 1202 cupit,
1441 1144 1544 1188 adu-

115 1215 135 1247 7
159 1205 360 1249 lescentis
387 1205 646 1249 verecundia
677 1204 813 1263 vetat)
847 1206 942 1262 ipso
969 1209 1093 1262 patre
1119 1206 1285 1250 melior.
1347 1204 1546 1253 Difficile

162 1268 240 1322 est,
265 1269 314 1308 ut
333 1266 440 1309 mihi
473 1266 525 1309 de
545 1266 721 1310 absente
741 1267 889 1310 credas
909 1265 1196 1324 (quamquam
1222 1266 1397 1311 credere
1429 1267 1543 1310 soles

163 1325 339 1382 omnia),
364 1329 535 1370 tantum
555 1327 601 1370 in
626 1327 703 1370 illo
730 1328 980 1384 industriae,
1001 1328 1248 1385 probitatis,
1274 1327 1544 1384 eruditionis,

163 1387 340 1444 ingenii,
374 1387 523 1444 studii,
556 1389 790 1432 memoriae
810 1389 997 1445 denique
1017 1404 1128 1446 esse,
1161 1391 1375 1446 quantum
1395 1403 1545 1445 exper-
1570 1407 1607 1438 πο

117 1456 138 1488 8
164 1450 234 1490 tus
267 1448 468 1491 invenies.
532 1449 703 1492 Vellem
723 1453 813 1492 tam
834 1450 955 1493 ferax
975 1451 1196 1494 saeculum
1227 1449 1356 1494 bonis
1377 1449 1544 1494 artibus

163 1507 439 1564 haberemus,
477 1512 527 1552 ut
570 1510 740 1566 aliquos
773 1510 909 1554 Basso
954 1512 1173 1568 praeferre
1211 1511 1410 1555 deberes:
1449 1513 1544 1554 tum

166 1582 245 1625 ego
302 1571 343 1611 te
393 1570 558 1625 primus
617 1571 815 1614 hortarer
865 1587 1195 1629 moneremque,
1245 1571 1545 1616 circumferres

167 1629 315 1671 oculos
349 1644 398 1672 ac
437 1630 510 1672 diu
553 1632 810 1688 pensitares,
857 1648 985 1689 quem
1027 1633 1307 1690 potissimum
1348 1633 1546 1690 eligeres.

118 1698 140 1731 9
165 1688 294 1732 Nunc
325 1704 426 1732 vero
458 1716 517 1720 —
549 1693 622 1735 sed
653 1693 765 1736 nihil
795 1695 896 1737 volo
937 1695 989 1738 de
1021 1695 1161 1739 amico
1193 1709 1292 1738 meo
1334 1693 1545 1752 adrogan-
1571 1711 1607 1740 π

166 1749 253 1792 tius
297 1749 450 1805 dicere,
492 1751 576 1795 hoc
617 1754 757 1796 solum
803 1754 921 1810 dico,
964 1755 1145 1813 dignum
1189 1770 1283 1799 esse
1331 1755 1546 1810 iuvenem,

168 1824 296 1865 quem
332 1825 450 1853 more
482 1813 695 1856 maiorum
727 1815 773 1857 in
804 1815 884 1858 filii
915 1817 1063 1859 locum
1095 1817 1310 1860 adsumas.
1373 1814 1548 1859 Debent

167 1873 311 1913 autem
344 1871 558 1926 sapientes
591 1874 673 1916 viri
716 1878 765 1917 ut
808 1878 856 1918 tu
899 1878 1008 1920 tales
1055 1878 1181 1934 quasi
1223 1876 1387 1921 liberos
1432 1892 1458 1920 a
1499 1891 1547 1919 re
1619 1903 1622 1905 -

96 1939 142 1973 10
167 1930 343 1986 publica
375 1932 585 1988 accipere,
618 1936 766 1989 quales
799 1951 824 1978 a
855 1940 1010 1980 natura
1042 1940 1233 1982 solemus
1260 1940 1425 1995 optare.
1462 1936 1547 1980 De-

168 2005 293 2034 corus
326 1992 407 2034 erit
437 1992 518 2034 tibi
560 1996 728 2037 consuli
767 2001 969 2051 quaestor
1006 2002 1130 2054 patre
1167 1999 1409 2056 praetorio,
1446 2013 1548 2055 pro·
1572 2015 1609 2043 so

166 2051 343 2108 pinquis
359 2054 670 2109 consularibus,
687 2056 844 2111 quibus
864 2058 1025 2102 iudicio
1046 2061 1256 2118 ipsorum,
1280 2073 1546 2116 quamquam

166 2111 515 2157 adulescentulus
548 2115 708 2171 adhuc,
736 2117 821 2159 iam
865 2121 1011 2162 tamen
1055 2122 1243 2165 invicem
1286 2123 1544 2164 ornamento

94 2182 139 2215 11
167 2175 242 2216 est.
306 2172 492 2216 Proinde
518 2175 694 2233 indulge
727 2178 926 2232 precibus
947 2181 1067 2237 meis,
1100 2182 1339 2238 obsequere
1359 2181 1544 2226 consilio

166 2235 210 2276 et
240 2236 340 2276 ante
378 2235 541 2290 omnia,
586 2237 622 2278 si
655 2237 857 2281 festinare
900 2241 1068 2298 videor,
1112 2243 1309 2300 ignosce,
1353 2242 1547 2299 primum

263 2330 309 2362 18
342 2339 494 2374 quamq.
528 2329 719 2379 <amicis>
756 2343 806 2368 cr.
833 2334 1120 2381 Reifferscheid„
1156 2349 1218 2382 qu.
1255 2348 1305 2373 cr.
1343 2336 1410 2373 sol.
1446 2346 1546 2372 omn.

194 2376 323 2470 uzal-z,
337 2377 499 2462 gffiBaeltl
582 2382 627 2414 34
653 2380 817 2425 primum
839 2404 882 2408 —-
899 2395 937 2428 p.
954 2388 1037 2430 105,
1059 2389 1078 2420 1
1100 2385 1239 2421 deinde
1259 2386 1378 2423 RF5
1387 2397 1431 2431 a,
1451 2384 1548 2430 Otto,
