1716 2742
87 731 148 780 32

163 121 254 166 346
773 117 811 156 e.
840 118 978 156 PLINI

162 232 359 291 pudebat
410 230 657 276 sterilitatis
709 231 918 276 insolitae
970 246 1053 276 nec
1105 231 1254 276 minus
1301 231 1590 277 erubescebat

162 295 298 354 fame,
333 310 421 352 qua
446 294 759 353 torquebatur,
793 310 895 339 cum
929 295 1098 353 pariter
1124 310 1150 338 a
1175 297 1222 339 te
1247 294 1589 340 necessitatibus

163 358 256 403 eius
302 356 553 415 pudorique
599 357 870 402 subventum
916 360 993 402 est.
1070 355 1322 415 Stupebant
1366 357 1590 418 agricolae

162 421 295 478 plena
314 420 495 478 horrea,
529 435 642 477 quae
662 435 755 465 non
774 420 862 479 ipsi
881 420 1179 478 refersissent,
1214 420 1378 478 quibus
1400 421 1453 465 de
1474 435 1591 465 cam-

162 483 231 541 pis
264 483 344 527 illa
376 482 591 528 subvecta
623 483 797 539 messis,
833 499 976 541 quave
1010 483 1058 526 in
1083 482 1283 542 Aegypti
1315 486 1442 542 parte
1475 483 1589 528 alius

163 545 317 590 amnis.
382 544 451 590 Ita
483 545 702 590 beneficio
735 549 815 590 tuo
848 561 931 591 nec
963 546 1164 605 maligna
1195 546 1350 602 tellus,
1390 549 1435 591 et
1467 546 1591 591 obse-

163 623 302 666 quens
322 607 457 654 Nilus
478 608 688 668 Aegypto
718 609 898 667 quidem
926 623 1075 666 saepe,
1104 608 1181 654 sed
1208 608 1378 668 gloriae
1409 611 1591 654 nostrae

160 686 408 729 numquam
439 671 609 731 largior
641 671 783 716 fluxit.

257 733 400 787 Quam
438 749 559 779 nunc
597 734 725 779 iuvat
762 734 1017 793 provincias
1058 749 1213 779 omnes
1253 734 1301 779 in
1339 734 1475 779 fidem
1514 749 1593 778 no-

162 799 299 842 stram
327 796 638 855 dicionemque
665 798 858 856 venisse,
885 799 1128 856 postquam
1149 797 1343 857 contigit
1368 796 1591 856 princeps,

163 860 241 918 qui
281 862 502 905 terrarum
544 860 866 905 fecunditatem
909 875 1030 905 nunc
1061 859 1172 918 huc,
1213 875 1334 907 nunc
1372 860 1500 918 illuc,
1541 863 1594 904 ut

161 926 339 982 tempus
380 925 426 967 et
455 923 698 969 necessitas
740 926 972 982 posceret,
1003 923 1265 968 transferret
1306 923 1594 981 resonetque,

163 986 242 1044 qui
275 986 543 1044 diremptam
576 987 691 1031 mari
719 989 899 1046 gentem
931 988 982 1030 ut
1008 989 1182 1044 partem
1211 986 1409 1044 aliquam
1434 985 1595 1044 populi

161 1049 396 1107 plebisque
417 1048 647 1094 Romanae
674 1050 812 1094 aleret
838 1064 890 1095 ac
915 1049 1133 1093 tueretur!
1172 1048 1234 1093 Et
1261 1049 1384 1094 caelo
1412 1048 1594 1107 quidem

161 1127 409 1170 numquam
428 1112 684 1172 benignitas
704 1115 849 1170 tanta,
876 1115 927 1157 ut
954 1127 1108 1157 omnes
1137 1112 1273 1157 simul
1298 1114 1439 1157 terras
1465 1111 1593 1156 uber-

162 1177 228 1219 tet
259 1175 518 1233 foveatque:
551 1175 626 1220 hic
659 1175 869 1221 omnibus
896 1175 1083 1234 pariter,
1116 1174 1154 1219 si
1179 1190 1273 1219 non
1299 1174 1596 1232 sterilitatem,

163 1240 210 1282 at
241 1238 356 1282 mala
389 1237 640 1283 sterilitatis
675 1238 902 1294 exturbat,
934 1238 1029 1295 hic,
1063 1237 1101 1283 si
1132 1253 1226 1282 non
1257 1237 1594 1295 fecunditatem,

164 1302 210 1345 at
237 1300 356 1345 bona
382 1300 673 1346 fecunditatis
695 1301 932 1360 importat,
954 1300 1030 1345 hic
1057 1301 1241 1345 alternis
1269 1300 1593 1346 commeatibus

164 1363 382 1408 orientem
405 1363 771 1422 occidentemque
793 1363 1006 1422 conectit,
1039 1366 1109 1421 ut,
1145 1378 1258 1422 quae
1284 1363 1437 1408 ferunt
1463 1378 1595 1421 quae-

164 1441 251 1485 que
285 1429 519 1485 expetunt,
564 1442 717 1472 omnes
752 1430 908 1486 gentes
942 1426 1118 1471 discant
1149 1426 1362 1484 invicem,
1401 1426 1595 1484 capiant,

165 1492 334 1548 quanto
369 1489 577 1534 libertate
611 1490 807 1535 discordi
841 1489 1140 1535 servientibus
1175 1489 1233 1534 sit
1265 1489 1421 1534 utilius
1454 1504 1596 1534 unum

165 1566 278 1609 esse,
312 1552 385 1597 cui
418 1553 625 1598 serviant.
673 1552 851 1611 Quippe
885 1552 1089 1597 discretis
1124 1552 1306 1610 quidem
1338 1552 1469 1597 bonis
1504 1567 1597 1596 om—

164 1615 290 1660 nium
331 1630 412 1660 sua
445 1615 662 1674 cuiusque
703 1615 758 1660 ad
800 1616 1026 1675 singulos,
1045 1616 1182 1673 mala,
1225 1614 1406 1660 sociatis
1446 1617 1597 1660 autem

165 1681 299 1737 atque
333 1678 568 1737 permixtis
603 1678 886 1738 singulorum
914 1678 1033 1723 mala
1063 1678 1119 1723 ad
1144 1678 1391 1736 neminem,
1422 1677 1476 1722 ad
1505 1692 1598 1722 om-

164 1757 243 1786 nes
278 1741 480 1786 omnium
514 1742 634 1786 bona
660 1742 898 1800 pertinent.
965 1740 1071 1800 Sed,
1106 1741 1199 1786 sive
1225 1741 1357 1786 terris
1385 1740 1596 1785 divinitas

166 1804 384 1862 quaedam
426 1804 520 1850 sive
554 1804 718 1863 aliquis
751 1805 957 1849 amnibus
998 1804 1174 1863 genius,
1214 1807 1259 1849 et
1298 1805 1446 1849 solum
1485 1802 1598 1848 illud

166 1870 211 1912 et
242 1867 412 1912 flumen
444 1868 594 1926 ipsum
627 1883 806 1926 precor,
845 1870 897 1912 ut
934 1868 1020 1912 hac
1059 1867 1276 1926 principis
1317 1866 1598 1927 benignitate

166 1933 429 1975 contentum
463 1930 593 1975 molli
625 1931 797 1990 gremio
832 1931 1004 1975 semina
1028 1931 1267 1988 recondat,
1299 1929 1600 1987 multiplicata

165 1993 385 2038 restituat.
450 1993 558 2038 Non
584 1994 766 2052 quidem
798 1994 1076 2052 reposcimus
1110 1993 1258 2038 fenus:
1291 1994 1423 2052 putet
1447 1994 1600 2037 tamen

268 2108 289 2140 2
318 2117 436 2151 quam
464 2106 503 2142 B
515 2104 572 2142 B'
590 2105 632 2151 V,
658 2105 772 2154 vulq„
800 2105 849 2150 cf.
871 2104 1004 2143 Suster
1025 2106 1114 2143 Riv.
1136 2105 1179 2142 di
1197 2105 1289 2151 filol.
1305 2104 1439 2142 XVII
1456 2116 1496 2151 p.
1511 2106 1599 2142 528.

168 2158 190 2192 6
211 2155 297 2192 vide
318 2155 515 2201 Hofacker
530 2167 572 2202 p.
588 2158 647 2192 55.
740 2159 760 2192 7
781 2154 914 2193 Nilus:
938 2154 1033 2206 <is>
1056 2155 1151 2203 Aeg.
1167 2155 1308 2192 Baehr.
1402 2157 1447 2191 19
1469 2154 1602 2191 ferunt

169 2216 348 2252 quaeque
376 2206 566 2253 expetunt
600 2217 693 2253 opes
728 2207 878 2252 (omnes
905 2206 1013 2252 B‘O,
1040 2206 1203 2253 Puteol.)
1238 2206 1376 2253 gentes
1403 2204 1499 2241 disc.
1521 2203 1599 2241 inv.

169 2266 254 2302 cap.
282 2255 404 2302 codd„
439 2256 620 2293 feruntur
647 2267 787 2303 quaeq.
816 2257 1055 2304 expetuntur
1087 2267 1181 2304 opes
1208 2255 1285 2293 inv.
1315 2266 1399 2303 cap.
1427 2255 1530 2302 gent.
1561 2255 1602 2291 et

170 2304 264 2342 disc.
293 2306 346 2343 K.
364 2307 424 2353 II,
457 2306 590 2343 ferunt
627 2317 765 2353 quaeq.
794 2308 1005 2354 exportant
1032 2318 1134 2352 orae,
1164 2306 1241 2343 inv,
1270 2317 1356 2353 cap.
1384 2305 1490 2353 gent.
1519 2304 1602 2342 dis-

170 2355 402 2406 cant<que>
430 2357 586 2403 Baehr.‚
623 2356 756 2393 ferunt
789 2367 930 2404 quaeq.
953 2358 1080 2404 expet.
1103 2368 1206 2394 omn.
1227 2357 1334 2403 gent.
1355 2355 1432 2393 inv.
1455 2367 1541 2403 cap.
1562 2356 1602 2392 et

171 2405 264 2443 disc.
286 2406 487 2452 Schwarz„
509 2407 661 2453 Muell„
688 2407 761 2444 alii
786 2407 880 2454 alia,
907 2407 956 2453 cf.
978 2407 1089 2453 infra
1114 2418 1198 2454 cap.
1220 2409 1282 2452 62,
1301 2409 1338 2452 4,
1363 2405 1450 2443 vide
1470 2405 1603 2443 Suster

171 2456 194 2492 l.
216 2457 240 2493 l.
387 2460 433 2494 21
460 2456 640 2494 libertati
668 2456 838 2504 Gesner„
866 2458 1030 2505 Hawpt„
1055 2457 1211 2503 Baehr„
1239 2456 1390 2502 Muell„
1416 2455 1602 2493 libertate

173 2506 232 2550 M,
261 2506 326 2551 K..
356 2507 578 2554 Bornecque
599 2519 639 2554 p.
661 2508 747 2544 225.
773 2528 824 2535 —
855 2506 1043 2544 libertate
1071 2506 1166 2544 disc.
1187 2505 1394 2544 ruentibus
1422 2506 1599 2544 Momms.

1620 812 1655 839 10

1621 1125 1656 1153 15

1622 1440 1658 1468 20

1623 1755 1660 1783 2⁶
