1716 2742
200 114 293 162 394
815 113 853 152 C.
881 111 1018 151 pum

149 242 171 274 4
199 230 267 275 tui
313 230 472 275 fecisti.
537 228 694 274 Multis
738 228 1003 275 inlustribus
1047 230 1251 276 dedecori
1304 231 1393 277 fuit
1444 234 1522 276 aut
1563 231 1628 276 in-

200 293 449 338 consultius
491 307 606 336 uxor
648 291 887 350 adsumpta
929 296 1007 337 aut
1043 295 1219 338 retenta
1260 294 1523 352 patientius:
1564 295 1629 339 ita

199 356 308 399 foris
367 355 511 400 claros
569 355 816 400 domestica
873 356 1133 401 destruebat
1190 356 1393 416 infamia,
1451 360 1514 416 et,
1570 373 1628 402 ne

198 417 384 462 maximi
424 417 543 463 cives
582 418 873 476 haberentur,
906 419 993 464 hoc
1027 419 1269 478 efficiebat,
1313 420 1435 478 quod
1476 420 1628 465 mariti

149 492 170 526 5
198 481 393 526 minores
434 483 571 526 erant.
636 481 739 526 Tibi
778 497 894 526 uxor
932 482 980 526 in
1020 482 1154 528 decus
1189 485 1234 528 et
1273 482 1464 543 gloriam
1498 483 1626 529 cedit.
1655 496 1671 525 5

198 542 316 598 Quid
375 544 494 589 enim
546 544 626 588 illa
678 545 895 603 sanctius,
955 545 1063 603 quid
1116 545 1378 604 antiquius?
1449 545 1627 605 Nonne,

199 607 236 651 si
281 607 487 665 pontifici
533 607 729 652 maximo
773 608 979 667 eligenda
1024 608 1085 653 sit
1127 609 1342 667 coniunx,
1389 611 1467 654 aut
1510 609 1628 655 hanc

148 681 169 713 6
198 672 276 714 aut
312 670 503 715 similem
541 669 641 730 (ubi
678 673 746 715 est
782 674 933 715 autem
971 670 1181 732 similisP)
1215 672 1430 732 elegerit?
1483 670 1627 726 Quam

196 732 275 777 illa
316 733 433 778 nihil
476 733 563 779 sibi
603 749 658 778 ex
696 733 879 779 fortuna
921 737 999 778 tua
1033 734 1123 779 nisi
1159 735 1375 795 gaudium
1415 735 1627 794 vindicat,

197 811 332 854 quam
367 796 446 841 illa
480 799 738 842 constanter
770 812 862 842 non
894 797 1144 856 potentiam
1183 801 1330 856 tuam,
1367 798 1445 844 sed
1477 798 1626 858 ipsum
1655 813 1690 841 ιο

196 862 241 903 te
282 861 528 904 reveretur!
576 858 701 905 Idem
745 860 851 904 estis
895 860 1106 918 invicem,
1150 861 1271 919 quod
1313 861 1482 916 fuistis,
1526 877 1628 920 pro-

195 922 288 966 bati
332 938 387 967 ex
432 938 595 981 aequo,
640 923 845 982 nihilque
890 923 1018 968 vobis
1065 923 1257 970 felicitas
1304 923 1496 983 addidit,
1539 924 1628 969 nisi

197 985 318 1043 quod
370 986 484 1031 scire
536 986 767 1044 coepistis,
828 1001 963 1044 quam
1022 987 1135 1032 bene
1187 990 1376 1046 uterque
1427 990 1626 1033 vestrum

147 1058 167 1091 7
195 1048 459 1093 felicitatem
498 1048 623 1094 ferat.
690 1049 861 1094 Eadem
905 1065 1039 1107 quam
1082 1050 1262 1095 modica
1303 1051 1448 1109 cultu,
1491 1066 1626 1109 quam

194 1126 330 1170 parca
355 1112 595 1171 comitatu,
628 1127 762 1170 quam
790 1112 935 1157 civilis
963 1113 1160 1159 incessu!
1206 1113 1359 1158 Mariti
1385 1114 1472 1159 hoc
1500 1129 1627 1172 opus,
1654 1129 1689 1157 ιε

196 1175 274 1233 qui
299 1175 364 1219 ita
390 1175 573 1234 imbuit,
604 1176 669 1220 ita
694 1175 910 1234 instituit3
936 1191 1042 1221 nam
1069 1176 1200 1221 uxori
1227 1176 1397 1222 sufficit
1423 1176 1628 1235 obsequii

145 1247 167 1281 8
195 1238 351 1297 gloria.
415 1237 508 1298 An,
542 1253 645 1284 cum
671 1239 845 1297 videat,
878 1254 1013 1297 quam
1045 1242 1090 1284 te
1122 1240 1274 1285 nullus
1307 1242 1471 1298 terror,
1501 1240 1629 1285 nulla

194 1301 435 1346 comitetur
477 1301 684 1359 ambitio,
725 1317 817 1347 non
861 1305 905 1346 et
943 1303 1043 1360 ipsa
1086 1318 1188 1348 cum
1228 1303 1408 1348 silentio
1448 1303 1628 1349 incedat

194 1364 612 1424 ingredientemque
644 1364 834 1423 pedibus
862 1365 1093 1424 maritum,
1127 1366 1174 1410 in
1203 1369 1421 1424 quantum
1453 1366 1627 1426 patitur

194 1442 344 1486 sexus,
388 1427 622 1472 imitetur?
669 1428 882 1473 Decuerit
920 1428 1008 1473 hoc
1049 1429 1194 1487 illam,
1233 1429 1411 1474 etiamsi
1450 1429 1627 1476 diversa
1653 1445 1690 1473 πο

193 1493 245 1535 tu
278 1490 430 1536 facias.
490 1489 584 1536 Sub
618 1491 703 1536 hac
736 1506 842 1536 vero
876 1491 1098 1537 modestia
1129 1492 1216 1537 viri
1244 1494 1459 1551 quantam
1494 1493 1628 1538 debet

117 1549 179 1600 84
194 1553 508 1599 verecundiam
549 1569 665 1599 uxor
702 1555 888 1612 marito,
919 1554 1087 1600 femina
1127 1555 1232 1600 sibi!
1298 1554 1438 1601 Soror
1475 1558 1626 1601 autem

194 1619 272 1661 tua
305 1620 356 1661 ut
389 1632 436 1662 se
470 1632 670 1662 sororem
705 1633 800 1662 esse
833 1618 1057 1662 meminit}
1091 1621 1143 1663 ut
1168 1618 1216 1662 in
1245 1619 1325 1663 illa
1350 1621 1431 1663 tua
1457 1618 1626 1677 simpli-

194 1680 326 1739 citas,
358 1683 438 1725 tua
470 1680 655 1739 veritas,
687 1683 794 1725 tuus
828 1680 996 1726 candor
1028 1682 1310 1741 agnoscitur3
1349 1684 1418 1740 ut,
1453 1681 1491 1727 si
1524 1682 1625 1741 quis

194 1758 291 1787 eam
324 1743 456 1788 uxori
487 1746 591 1788 tuae
626 1743 846 1802 conferat,
889 1743 1094 1789 dubitare
1128 1747 1334 1804 cogatur,
1380 1747 1533 1790 utrum
1567 1745 1627 1790 sit
1652 1759 1688 1788 2⁵

193 1806 419 1851 efficacius
453 1806 508 1851 ad
547 1810 668 1852 recte
707 1807 948 1852 vivendum
982 1807 1094 1852 bene
1134 1807 1311 1853 institui
1344 1824 1402 1853 an
1433 1808 1627 1854 feliciter

192 1869 327 1915 nasci.
392 1868 523 1914 Nihil
557 1872 625 1914 est
656 1872 748 1914 tam
783 1885 977 1928 pronum
1011 1871 1066 1915 ad
1101 1871 1351 1916 simultates
1386 1886 1521 1929 quam
1555 1887 1624 1916 ae-

192 1932 399 1989 mulatio,
439 1932 487 1977 in
519 1932 698 1977 feminis
738 1933 1023 1992 praesertim:
1063 1949 1115 1978 ea
1153 1949 1289 1992 porro
1323 1934 1517 1979 maxime
1549 1950 1625 1980 na-

193 1995 333 2041 scitur
359 2011 414 2040 ex
441 1996 778 2054 coniunctione,
805 1997 942 2041 alitur
967 1997 1256 2056 aequalitate,
1285 1997 1534 2043 exardescit
1559 1998 1624 2042 in-

192 2058 330 2117 vidia,
365 2058 491 2104 cuius
518 2059 622 2103 finis
650 2062 718 2104 est
745 2059 909 2104 odium.
977 2058 1076 2113 Quo
1105 2060 1286 2118 quidem
1314 2060 1623 2107 admirabilius
1650 2075 1688 2103 so

192 2122 540 2167 existimandum
567 2124 647 2180 est,
674 2122 796 2180 quod
825 2122 1088 2169 mulieribus
1116 2123 1290 2168 duabus
1310 2124 1359 2168 in
1378 2139 1470 2168 una
1489 2123 1622 2169 domo

191 2185 379 2243 parique
411 2185 595 2230 fortuna
626 2186 803 2230 nullum
837 2188 1083 2244 certamen,
1121 2187 1248 2231 nulla
1280 2187 1510 2232 contentio
1544 2189 1622 2233 est.

294 2313 313 2346 1
342 2308 473 2346 fecisti
499 2321 602 2347 unus
628 2310 679 2355 A,
706 2310 755 2356 cf.
779 2321 819 2357 p.
841 2312 930 2356 330,
955 2312 1028 2356 23,·
1054 2312 1142 2355 351,
1171 2313 1240 2357 14;
1265 2313 1354 2357 355,
1372 2313 1444 2358 25,·
1469 2313 1557 2358 356,
1579 2315 1623 2358 7,·

191 2361 278 2405 359,
305 2362 351 2406 8,·
378 2363 464 2406 370,
491 2362 564 2406 27;
589 2362 676 2406 372,
705 2363 774 2406 11;
807 2362 894 2406 382,
920 2365 988 2407 11;
1021 2363 1108 2407 384,
1135 2363 1204 2407 13;
1236 2363 1324 2407 395,
1353 2364 1402 2399 18
1427 2361 1492 2407 al„
1529 2360 1623 2399 effe·

193 2408 281 2446 cisti
311 2410 392 2447 rell.
421 2410 541 2456 codd„
572 2411 655 2448 edd.
687 2411 753 2457 (cf.
776 2422 818 2457 Ρ.
840 2413 931 2457 382,
956 2413 1011 2458 2).
1181 2414 1226 2448 10
1256 2410 1328 2448 illa
1354 2411 1406 2457 A,
1439 2422 1509 2449 om.
1538 2416 1620 2450 cett.

193 2463 239 2495 14
265 2471 298 2496 v.
321 2460 518 2506 Hofacker
542 2472 582 2507 p.
605 2463 664 2498 55.
775 2464 823 2498 28
850 2460 1021 2498 maxime
1050 2461 1100 2498 K.
1116 2462 1151 2507 I,
1180 2462 1320 2500 Baehm.
1349 2473 1367 2499 e
1392 2462 1474 2499 suis
1500 2462 1622 2509 codd„

193 2509 345 2555 Muell„
370 2521 440 2547 om.
464 2511 516 2548 K.
532 2512 590 2548 II.
