1716 2742
119 258 141 290 4

121 446 142 478 5

169 132 262 177 222
781 126 819 164 C.
848 126 987 163 PLINI

170 244 481 303 sapientesque
516 242 624 299 sint,
656 242 828 299 nescio,
859 241 1065 285 homines
1092 256 1185 285 non
1219 243 1334 286 sunt.
1388 239 1600 285 Hominis

169 311 237 352 est
270 307 389 351 enim
422 305 554 349 adfici
588 305 760 362 dolore,
801 304 984 361 sentire,
1023 304 1230 348 resistere
1262 306 1412 348 tamen
1454 306 1499 348 et
1532 317 1601 347 so—

169 370 284 414 lacia
317 368 570 425 admittere,
603 382 697 411 non
730 366 909 411 solaciis
941 382 1035 410 non
1068 381 1210 425 egere.

264 430 433 475 Verum
481 430 534 474 de
577 430 647 473 his
696 430 829 487 plura
873 429 1083 487 fortasse,
1138 443 1272 487 quam
1317 427 1470 486 debui,
1522 428 1600 472 sed

169 494 398 552 pauciora,
434 507 569 550 quam
602 493 739 536 volui.
805 492 890 537 Est
929 492 1047 536 enim
1090 491 1307 549 quaedam
1348 491 1484 536 etiam
1525 490 1600 535 do·
1634 504 1652 531 5

168 557 290 601 lendi
335 556 567 613 voluptas,
617 555 882 613 praesertim
916 555 964 599 si
1008 555 1055 598 in
1100 554 1234 599 amici
1281 554 1382 598 sinu
1425 554 1601 608 defleas,

169 619 287 677 apud
323 633 452 676 quem
489 617 686 662 lacrimis
720 617 810 662 tuis
845 618 917 661 vel
949 618 1046 661 laus
1081 617 1140 661 sit
1172 619 1329 675 parata
1355 617 1427 661 vel
1460 617 1600 660 venia.

169 681 280 726 Vale
1292 726 1298 732 ,

818 746 951 786 XVII.
1029 737 1166 810 sſsaq
1183 753 1327 781 ΛΜ]

521 824 564 858 C.
587 824 793 858 PLINIUS
821 822 1053 858 MACRINO
1083 823 1180 858 SUO
1210 822 1249 856 S.
1629 830 1666 856 10

261 894 385 939 Num
413 894 515 939 istic
543 909 722 952 quoque
749 893 907 938 inmite
935 897 980 938 et
1005 893 1238 937 turbidum
1265 891 1470 938 caelum?
1515 890 1602 935 Hic

170 957 379 1002 adsiduae
409 960 698 1015 tempestates
727 959 770 1000 et
798 956 954 1001 crebra
981 956 1161 1000 diluvia.
1221 955 1395 1000 Tiberis
1423 955 1600 999 alveum

170 1021 360 1066 excessit
380 1022 425 1065 et
445 1020 783 1064 demissioribus
804 1019 915 1077 ripis
937 1019 1025 1063 alte
1047 1018 1399 1077 superfunditur.
1440 1017 1601 1071 Quam-

170 1099 304 1141 quam
349 1083 491 1140 fossa,
537 1098 671 1140 quam
717 1081 1139 1140 providentissimus
1193 1081 1438 1140 imperator
1482 1080 1602 1137 fecit,

170 1147 412 1190 exhaustus
446 1145 612 1203 premit
651 1145 812 1203 valles,
850 1145 1025 1189 innatat
1065 1144 1258 1202 campis,
1299 1159 1477 1202 quaque
1509 1143 1603 1201 pla·
1630 1155 1666 1183 1⁵

170 1224 278 1252 num
312 1209 477 1266 solum,
521 1223 603 1266 pro
639 1208 735 1253 solo
777 1207 985 1267 cernitur.
1051 1206 1179 1265 Inde,
1219 1222 1333 1265 quae
1374 1207 1489 1251 solet
1521 1205 1602 1249 flu-

169 1271 292 1315 mina
324 1271 525 1329 accipere
566 1274 610 1315 et
642 1270 866 1329 permixta
905 1270 1141 1327 devehere,
1183 1270 1307 1314 velut
1346 1269 1506 1314 obvius
1547 1268 1604 1312 81-

171 1339 285 1379 stere
319 1334 443 1393 cogit
469 1336 603 1391 atque
644 1334 708 1377 ita
740 1333 897 1377 alienis
938 1332 1066 1391 aquis
1107 1332 1254 1390 operit
1293 1347 1446 1392 agros,
1488 1346 1602 1389 quos

170 1397 265 1454 ipse
297 1412 391 1441 non
416 1396 575 1456 tangit.
640 1395 781 1453 Anio,
814 1395 1158 1441 delicatissimus
1187 1395 1386 1439 amnium
1413 1394 1604 1452 ideoque

171 1459 476 1504 adiacentibus
510 1459 632 1503 villis
671 1459 795 1503 velut
835 1459 1051 1502 invitatus
1091 1461 1399 1516 retentusque,
1439 1471 1604 1516 magna
1630 1469 1668 1497 πο

171 1538 226 1566 ex
258 1525 384 1580 parte
417 1537 621 1579 nemora,
663 1522 824 1580 quibus
865 1522 1167 1579 inumbratur,
1206 1523 1252 1566 et
1283 1521 1421 1580 fregit
1459 1522 1504 1564 et
1535 1535 1603 1563 ra-

171 1585 288 1643 puit3
345 1585 520 1629 subruit
564 1587 740 1629 montes
794 1587 839 1628 et
884 1583 1185 1629 decidentium
1231 1584 1350 1628 mole
1395 1582 1602 1641 pluribus

171 1648 284 1692 locis
318 1648 514 1705 clausus,
548 1647 655 1691 dum
689 1646 904 1691 amissum
937 1647 1023 1691 iter
1050 1647 1242 1705 quaerit,
1277 1646 1459 1704 impulit
1484 1647 1604 1689 tecta

172 1725 224 1755 ac
270 1726 315 1754 se
369 1725 503 1767 super
553 1711 705 1754 ruinas
755 1709 886 1754 eiecit
938 1712 1071 1768 atque
1127 1709 1300 1754 extulit.
1366 1707 1603 1765 Viderunt,

173 1788 286 1830 quos
319 1772 637 1817 excelsioribus
676 1773 806 1817 terris
840 1773 919 1817 illa
957 1775 1201 1830 tempestas
1234 1787 1328 1816 non
1360 1770 1605 1830 deprehen·
1630 1783 1667 1812 2⁶

173 1836 257 1893 dit,
299 1835 407 1880 alibi
450 1835 640 1879 divitum
684 1838 926 1894 apparatus
970 1838 1015 1880 et
1047 1851 1230 1895 gravem
1264 1834 1603 1892 supellectilem,

173 1898 280 1942 alibi
306 1898 603 1943 instrumenta
629 1899 765 1955 ruris,
797 1898 861 1942 ibi
894 1899 1051 1956 boves,
1085 1900 1249 1955 aratra,
1282 1899 1497 1954 rectores,
1529 1896 1605 1940 hic

174 1962 320 2005 soluta
366 1963 411 2005 et
455 1961 597 2005 libera
643 1964 843 2005 armenta
889 1963 1023 2019 atque
1076 1962 1194 2006 inter
1238 1961 1348 2005 haec
1394 1960 1604 2004 arborum

173 2026 356 2068 truncos
390 2026 468 2067 aut
499 2024 709 2067 villarum
749 2024 898 2068 trabes
939 2027 1073 2082 atque
1108 2024 1306 2068 culmina
1344 2022 1466 2067 varie
1497 2023 1606 2066 late-

173 2102 259 2143 que
301 2086 536 2130 fluitantia.
603 2085 670 2130 Ac
711 2102 766 2130 ne
809 2086 887 2130 illa
930 2087 1111 2144 quidem
1156 2087 1275 2130 malo
1319 2087 1604 2141 vacaverunt,
1630 2100 1668 2127 30
1714 2139 1716 2142 ,

174 2148 227 2192 ad
272 2165 385 2206 quae
427 2164 521 2193 non
563 2149 762 2193 ascendit
805 2150 962 2193 amnis.
1026 2149 1146 2194 Nam
1180 2165 1263 2207 pro
1298 2164 1428 2192 amne
1462 2148 1604 2191 imber

277 2263 320 2296 17
349 2260 434 2297 obv.
463 2261 567 2297 retro
595 2271 679 2308 cog.
708 2272 745 2304 α,
773 2260 953 2296 resistere
981 2272 1064 2307 cog.
1095 2260 1231 2298 Oatan.
1259 2260 1366 2297 codd.
1489 2262 1535 2294 21
1564 2260 1604 2294 et

174 2309 294 2357 fregit
315 2322 350 2354 α,
373 2311 423 2346 K.
446 2311 499 2347 ΙΙ
516 2310 632 2357 (disp.
653 2311 704 2347 11
725 2313 801 2356 18),
829 2312 869 2347 et
889 2322 957 2347 om.
982 2311 1041 2355 M,
1064 2311 1116 2347 K.
1139 2311 1172 2347 Ι.
1277 2314 1324 2346 24
1351 2308 1468 2346 eiecit
1495 2309 1603 2354 ΒΜ,

175 2360 227 2396 K.
250 2361 284 2405 Ι,
313 2360 440 2396 evexit
467 2373 503 2402 a,
532 2361 583 2397 K.
606 2361 665 2406 II,
689 2361 823 2397 Muell.
851 2382 900 2387 ——
926 2360 1109 2397 viderunt
1128 2360 1171 2396 hi
1191 2371 1288 2407 quos
1310 2372 1346 2396 a.
1450 2362 1497 2395 25
1525 2370 1604 2396 non

175 2410 280 2457 depr.
298 2422 333 2455 α,
355 2422 433 2447 11011
454 2422 522 2448 om.
547 2410 654 2456 ΒΜ,
677 2411 728 2447 K.
833 2414 880 2446 29
902 2412 1020 2457 atque
1042 2410 1216 2447 eulmina
1236 2422 1273 2454 a,
1296 2410 1347 2447 K.
1370 2410 1429 2451 ΙΙ,
1453 2409 1603 2455 Muell.,

175 2471 245 2497 om.
275 2461 335 2506 M,
361 2461 412 2497 K.
436 2462 469 2497 1.
600 2463 647 2497 30
675 2460 834 2507 quidem
863 2460 949 2498 loca
975 2460 1075 2497 malo
1098 2473 1133 2501 a.
1158 2461 1208 2497 K.
1231 2461 1290 2497 II.
1421 2463 1465 2496 31
1497 2459 1545 2495 ad
1567 2472 1603 2504 a,

178 2511 228 2546 K.
252 2511 311 2555 H,
341 2511 491 2552 Muell..
520 2522 589 2548 om.
614 2511 674 2556 M,
703 2511 754 2547 K.
779 2512 811 2549 Ι.
