<?xml version="1.0" encoding="UTF-8"?>
<!DOCTYPE html PUBLIC "-//W3C//DTD XHTML 1.0 Transitional//EN"
    "http://www.w3.org/TR/xhtml1/DTD/xhtml1-transitional.dtd">
<html xmlns="http://www.w3.org/1999/xhtml" xml:lang="en" lang="en">
 <head>
  <title>
</title>
<meta http-equiv="Content-Type" content="text/html;charset=utf-8" />
  <meta name='ocr-system' content='tesseract 3.04.00' />
  <meta name='ocr-capabilities' content='ocr_page ocr_carea ocr_par ocr_line ocrx_word'/>
</head>
<body>
  <div class='ocr_page' id='page_1' title='image "./epistularumlibr00plin_0401.png"; bbox 0 0 1716 2742; ppageno 0'>
   <div class='ocr_carea' id='block_1_1' title="bbox 443 108 1493 167">
    <p class='ocr_par' dir='ltr' id='par_1_1' title="bbox 443 108 1493 167">
     <span class='ocr_line' id='line_1_1' title="bbox 443 108 1493 167; baseline 0.009 -15"><span class='ocrx_word' id='word_1_1' title='bbox 443 108 802 155; x_wconf 80' lang='lat' dir='ltr'><strong>PANEGYRICUS</strong></span> <span class='ocrx_word' id='word_1_2' title='bbox 831 121 890 164; x_wconf 77' lang='lat'><strong>71,</strong></span> <span class='ocrx_word' id='word_1_3' title='bbox 910 128 929 155; x_wconf 76' lang='lat'>4</span> <span class='ocrx_word' id='word_1_4' title='bbox 943 140 988 145; x_wconf 93' lang='lat'>—</span> <span class='ocrx_word' id='word_1_5' title='bbox 1005 122 1064 165; x_wconf 79' lang='lat'><strong>73,</strong></span> <span class='ocrx_word' id='word_1_6' title='bbox 1080 129 1108 156; x_wconf 77' lang='grc' dir='ltr'><strong>ε.</strong></span> <span class='ocrx_word' id='word_1_7' title='bbox 1209 156 1214 163; x_wconf 87' lang='grc'><strong><em>,</em></strong></span> <span class='ocrx_word' id='word_1_8' title='bbox 1401 121 1493 167; x_wconf 82' lang='grc'><strong>385</strong></span> 
     </span>
    </p>
   </div>
   <div class='ocr_carea' id='block_1_2' title="bbox 0 226 1569 2183">
    <p class='ocr_par' dir='ltr' id='par_1_2' title="bbox 4 226 1541 481">
     <span class='ocr_line' id='line_1_2' title="bbox 4 226 1541 290; baseline 0.002 -14"><span class='ocrx_word' id='word_1_9' title='bbox 4 226 21 234; x_wconf 60' lang='lat'><strong><em>‘</em></strong></span> <span class='ocrx_word' id='word_1_10' title='bbox 60 230 271 276; x_wconf 77' lang='lat' dir='ltr'>laudibus</span> <span class='ocrx_word' id='word_1_11' title='bbox 304 230 572 289; x_wconf 82' lang='lat' dir='ltr'><strong>adaequare3</strong></span> <span class='ocrx_word' id='word_1_12' title='bbox 605 232 954 290; x_wconf 82' lang='lat' dir='ltr'><strong>adaequavimus</strong></span> <span class='ocrx_word' id='word_1_13' title='bbox 981 236 1145 279; x_wconf 86' lang='lat' dir='ltr'><strong>tamen.</strong></span> <span class='ocrx_word' id='word_1_14' title='bbox 1212 233 1299 288; x_wconf 87' lang='lat' dir='ltr'><strong>Qui</strong></span> <span class='ocrx_word' id='word_1_15' title='bbox 1326 235 1492 279; x_wconf 86' lang='lat' dir='ltr'><strong>amoris</strong></span> <span class='ocrx_word' id='word_1_16' title='bbox 1521 247 1541 279; x_wconf 85' lang='lat'>5</span> 
     </span>
     <span class='ocr_line' id='line_1_3' title="bbox 61 292 1493 352; baseline 0.003 -13"><span class='ocrx_word' id='word_1_17' title='bbox 61 293 215 352; x_wconf 76' lang='lat' dir='ltr'><strong>ardor,</strong></span> <span class='ocrx_word' id='word_1_18' title='bbox 241 292 321 352; x_wconf 87' lang='lat' dir='ltr'><strong>qui</strong></span> <span class='ocrx_word' id='word_1_19' title='bbox 346 293 538 351; x_wconf 76' lang='lat' dir='ltr'>stimuli,</span> <span class='ocrx_word' id='word_1_20' title='bbox 573 309 687 352; x_wconf 87' lang='lat' dir='ltr'><strong>quae</strong></span> <span class='ocrx_word' id='word_1_21' title='bbox 714 295 833 340; x_wconf 85' lang='lat' dir='ltr'><strong>faces</strong></span> <span class='ocrx_word' id='word_1_22' title='bbox 860 296 961 340; x_wconf 81' lang='lat' dir='ltr'><strong>illas</strong></span> <span class='ocrx_word' id='word_1_23' title='bbox 987 297 1119 341; x_wconf 92' lang='lat' dir='ltr'><strong>nobis</strong></span> <span class='ocrx_word' id='word_1_24' title='bbox 1147 298 1493 343; x_wconf 72' lang='lat' dir='ltr'><strong>exclamationes</strong></span> 
     </span>
     <span class='ocr_line' id='line_1_4' title="bbox 61 355 1493 419; baseline 0.003 -17"><span class='ocrx_word' id='word_1_25' title='bbox 61 355 367 402; x_wconf 74' lang='lat' dir='ltr'><strong>subiecerunt!</strong></span> <span class='ocrx_word' id='word_1_26' title='bbox 398 355 507 401; x_wconf 87' lang='lat' dir='ltr'><strong>Non</strong></span> <span class='ocrx_word' id='word_1_27' title='bbox 538 358 703 415; x_wconf 90' lang='lat' dir='ltr'><strong>nostri,</strong></span> <span class='ocrx_word' id='word_1_28' title='bbox 737 357 916 416; x_wconf 90' lang='lat' dir='ltr'><strong>Caesar,</strong></span> <span class='ocrx_word' id='word_1_29' title='bbox 949 359 1138 419; x_wconf 91' lang='lat' dir='ltr'><strong>ingenii,</strong></span> <span class='ocrx_word' id='word_1_30' title='bbox 1173 361 1250 405; x_wconf 90' lang='lat' dir='ltr'><strong>sed</strong></span> <span class='ocrx_word' id='word_1_31' title='bbox 1276 364 1381 406; x_wconf 88' lang='lat' dir='ltr'><strong>tuae</strong></span> <span class='ocrx_word' id='word_1_32' title='bbox 1407 361 1493 405; x_wconf 84' lang='lat' dir='ltr'><strong>vir-</strong></span> 
     </span>
     <span class='ocr_line' id='line_1_5' title="bbox 61 419 1494 481; baseline 0.003 -16"><span class='ocrx_word' id='word_1_33' title='bbox 61 419 175 465; x_wconf 78' lang='lat' dir='ltr'><strong>tutis</strong></span> <span class='ocrx_word' id='word_1_34' title='bbox 205 421 479 477; x_wconf 86' lang='lat' dir='ltr'><strong>tuorumque</strong></span> <span class='ocrx_word' id='word_1_35' title='bbox 512 420 774 465; x_wconf 86' lang='lat' dir='ltr'><strong>meritorum</strong></span> <span class='ocrx_word' id='word_1_36' title='bbox 815 437 947 466; x_wconf 84' lang='lat' dir='ltr'><strong>voces</strong></span> <span class='ocrx_word' id='word_1_37' title='bbox 980 422 1183 481; x_wconf 85' lang='lat' dir='ltr'><strong>fuerunt,</strong></span> <span class='ocrx_word' id='word_1_38' title='bbox 1224 439 1335 481; x_wconf 89' lang='lat' dir='ltr'><strong>quas</strong></span> <span class='ocrx_word' id='word_1_39' title='bbox 1367 425 1494 468; x_wconf 89' lang='lat' dir='ltr'><strong>nulla</strong></span> 
     </span>
    </p>

    <p class='ocr_par' dir='ltr' id='par_1_3' title="bbox 17 481 1543 797">
     <span class='ocr_line' id='line_1_6' title="bbox 17 481 1494 544; baseline 0.005 -19"><span class='ocrx_word' id='word_1_40' title='bbox 17 494 38 525; x_wconf 73' lang='lat' dir='ltr'><strong>s</strong></span> <span class='ocrx_word' id='word_1_41' title='bbox 60 496 277 540; x_wconf 80' lang='lat' dir='ltr'><strong>umquam</strong></span> <span class='ocrx_word' id='word_1_42' title='bbox 309 481 509 526; x_wconf 75' lang='lat' dir='ltr'><strong>adulatio</strong></span> <span class='ocrx_word' id='word_1_43' title='bbox 542 483 734 540; x_wconf 85' lang='lat' dir='ltr'><strong>invenit,</strong></span> <span class='ocrx_word' id='word_1_44' title='bbox 765 485 918 528; x_wconf 88' lang='lat' dir='ltr'><strong>nullus</strong></span> <span class='ocrx_word' id='word_1_45' title='bbox 946 485 1211 544; x_wconf 92' lang='lat' dir='ltr'><strong>cuiusquam</strong></span> <span class='ocrx_word' id='word_1_46' title='bbox 1244 489 1390 531; x_wconf 88' lang='lat' dir='ltr'><strong>terror</strong></span> <span class='ocrx_word' id='word_1_47' title='bbox 1422 503 1494 531; x_wconf 89' lang='lat' dir='ltr'><strong>ex-</strong></span> 
     </span>
     <span class='ocr_line' id='line_1_7' title="bbox 59 543 1543 608; baseline 0.003 -18"><span class='ocrx_word' id='word_1_48' title='bbox 59 545 237 604; x_wconf 82' lang='lat' dir='ltr'><strong>pressit.</strong></span> <span class='ocrx_word' id='word_1_49' title='bbox 296 543 439 598; x_wconf 85' lang='lat' dir='ltr'><strong>Quem</strong></span> <span class='ocrx_word' id='word_1_50' title='bbox 460 545 526 589; x_wconf 85' lang='lat' dir='ltr'><strong>sic</strong></span> <span class='ocrx_word' id='word_1_51' title='bbox 545 546 799 603; x_wconf 75' lang='lat' dir='ltr'><strong>timuimus,</strong></span> <span class='ocrx_word' id='word_1_52' title='bbox 826 550 877 591; x_wconf 90' lang='lat' dir='ltr'><strong>ut</strong></span> <span class='ocrx_word' id='word_1_53' title='bbox 896 547 1008 593; x_wconf 86' lang='lat' dir='ltr'><strong>haec</strong></span> <span class='ocrx_word' id='word_1_54' title='bbox 1026 549 1331 608; x_wconf 89' lang='lat' dir='ltr'><strong>fingeremus?</strong></span> <span class='ocrx_word' id='word_1_55' title='bbox 1359 566 1493 608; x_wconf 88' lang='lat' dir='ltr'><strong>quem</strong></span> <span class='ocrx_word' id='word_1_56' title='bbox 1521 561 1543 594; x_wconf 88' lang='grc'>6</span> 
     </span>
     <span class='ocr_line' id='line_1_8' title="bbox 61 607 1493 666; baseline 0.003 -13"><span class='ocrx_word' id='word_1_57' title='bbox 61 607 128 653; x_wconf 86' lang='lat' dir='ltr'><strong>sic</strong></span> <span class='ocrx_word' id='word_1_58' title='bbox 159 607 427 666; x_wconf 80' lang='lat' dir='ltr'><strong>amavimus,</strong></span> <span class='ocrx_word' id='word_1_59' title='bbox 460 610 513 652; x_wconf 89' lang='lat' dir='ltr'><strong>ut</strong></span> <span class='ocrx_word' id='word_1_60' title='bbox 543 608 655 652; x_wconf 87' lang='lat' dir='ltr'><strong>haec</strong></span> <span class='ocrx_word' id='word_1_61' title='bbox 688 609 961 654; x_wconf 81' lang='lat' dir='ltr'><strong>fateremur?</strong></span> <span class='ocrx_word' id='word_1_62' title='bbox 1013 611 1149 656; x_wconf 90' lang='lat' dir='ltr'><strong>Nosti</strong></span> <span class='ocrx_word' id='word_1_63' title='bbox 1181 613 1493 658; x_wconf 89' lang='lat' dir='ltr'><strong>necessitatem</strong></span> 
     </span>
     <span class='ocr_line' id='line_1_9' title="bbox 61 669 1492 734; baseline 0.003 -18"><span class='ocrx_word' id='word_1_64' title='bbox 61 669 311 716; x_wconf 82' lang='lat' dir='ltr'><strong>servitutis:</strong></span> <span class='ocrx_word' id='word_1_65' title='bbox 353 671 587 728; x_wconf 81' lang='lat' dir='ltr'><strong>ecquando</strong></span> <span class='ocrx_word' id='word_1_66' title='bbox 632 672 778 716; x_wconf 85' lang='lat' dir='ltr'><strong>simile</strong></span> <span class='ocrx_word' id='word_1_67' title='bbox 821 673 991 731; x_wconf 86' lang='lat' dir='ltr'><strong>aliquid</strong></span> <span class='ocrx_word' id='word_1_68' title='bbox 1031 674 1219 731; x_wconf 85' lang='lat' dir='ltr'><strong>audisti,</strong></span> <span class='ocrx_word' id='word_1_69' title='bbox 1262 676 1492 734; x_wconf 84' lang='lat' dir='ltr'><strong>ecquando</strong></span> 
     </span>
     <span class='ocr_line' id='line_1_10' title="bbox 61 732 1542 797; baseline 0.003 -19"><span class='ocrx_word' id='word_1_70' title='bbox 61 732 247 779; x_wconf 83' lang='lat' dir='ltr'><strong>dixisti?</strong></span> <span class='ocrx_word' id='word_1_71' title='bbox 278 732 425 778; x_wconf 84' lang='lat' dir='ltr'><strong>Multa</strong></span> <span class='ocrx_word' id='word_1_72' title='bbox 452 734 634 791; x_wconf 90' lang='lat' dir='ltr'><strong>quidem</strong></span> <span class='ocrx_word' id='word_1_73' title='bbox 660 735 888 794; x_wconf 74' lang='lat' dir='ltr'><strong>excogitat</strong></span> <span class='ocrx_word' id='word_1_74' title='bbox 914 739 1081 795; x_wconf 87' lang='lat' dir='ltr'><strong>metus,</strong></span> <span class='ocrx_word' id='word_1_75' title='bbox 1114 738 1190 782; x_wconf 90' lang='lat' dir='ltr'><strong>sed</strong></span> <span class='ocrx_word' id='word_1_76' title='bbox 1219 753 1333 796; x_wconf 87' lang='lat' dir='ltr'><strong>quae</strong></span> <span class='ocrx_word' id='word_1_77' title='bbox 1360 739 1494 797; x_wconf 90' lang='lat' dir='ltr'><strong>adpa-</strong></span> <span class='ocrx_word' id='word_1_78' title='bbox 1522 750 1542 782; x_wconf 78' lang='lat'><strong>7</strong></span> 
     </span>
    </p>

    <p class='ocr_par' dir='ltr' id='par_1_4' title="bbox 0 796 1569 1112">
     <span class='ocr_line' id='line_1_11' title="bbox 0 796 1494 859; baseline 0.005 -20"><span class='ocrx_word' id='word_1_79' title='bbox 0 809 37 839; x_wconf 73' lang='grc' dir='ltr'><strong>ιο</strong></span> <span class='ocrx_word' id='word_1_80' title='bbox 61 799 190 842; x_wconf 76' lang='lat' dir='ltr'><strong>reant</strong></span> <span class='ocrx_word' id='word_1_81' title='bbox 215 796 420 854; x_wconf 87' lang='lat' dir='ltr'><strong>quaesita</strong></span> <span class='ocrx_word' id='word_1_82' title='bbox 445 796 500 841; x_wconf 89' lang='lat' dir='ltr'><strong>ab</strong></span> <span class='ocrx_word' id='word_1_83' title='bbox 528 797 695 842; x_wconf 84' lang='lat' dir='ltr'><strong>invitis.</strong></span> <span class='ocrx_word' id='word_1_84' title='bbox 749 797 887 842; x_wconf 89' lang='lat' dir='ltr'><strong>Aliud</strong></span> <span class='ocrx_word' id='word_1_85' title='bbox 916 800 1252 859; x_wconf 77' lang='lat' dir='ltr'><strong>sollicitudinis,</strong></span> <span class='ocrx_word' id='word_1_86' title='bbox 1287 802 1408 846; x_wconf 89' lang='lat' dir='ltr'><strong>aliud</strong></span> <span class='ocrx_word' id='word_1_87' title='bbox 1430 817 1494 846; x_wconf 88' lang='lat' dir='ltr'><strong>se-</strong></span> 
     </span>
     <span class='ocr_line' id='line_1_12' title="bbox 61 859 1494 924; baseline 0.004 -21"><span class='ocrx_word' id='word_1_88' title='bbox 61 859 267 904; x_wconf 81' lang='lat' dir='ltr'><strong>curitatis</strong></span> <span class='ocrx_word' id='word_1_89' title='bbox 292 860 527 919; x_wconf 85' lang='lat' dir='ltr'><strong>ingenium</strong></span> <span class='ocrx_word' id='word_1_90' title='bbox 560 862 647 918; x_wconf 81' lang='lat' dir='ltr'><strong>est3</strong></span> <span class='ocrx_word' id='word_1_91' title='bbox 680 861 768 905; x_wconf 87' lang='lat' dir='ltr'><strong>alia</strong></span> <span class='ocrx_word' id='word_1_92' title='bbox 794 862 991 906; x_wconf 89' lang='lat' dir='ltr'><strong>tristium</strong></span> <span class='ocrx_word' id='word_1_93' title='bbox 1019 864 1240 921; x_wconf 84' lang='lat' dir='ltr'><strong>inventio,</strong></span> <span class='ocrx_word' id='word_1_94' title='bbox 1273 865 1362 908; x_wconf 90' lang='lat' dir='ltr'><strong>alia</strong></span> <span class='ocrx_word' id='word_1_95' title='bbox 1387 880 1494 924; x_wconf 87' lang='lat' dir='ltr'><strong>gau-</strong></span> 
     </span>
     <span class='ocr_line' id='line_1_13' title="bbox 61 921 1494 983; baseline 0.003 -15"><span class='ocrx_word' id='word_1_96' title='bbox 61 921 284 968; x_wconf 82' lang='lat' dir='ltr'><strong>dentium:</strong></span> <span class='ocrx_word' id='word_1_97' title='bbox 331 925 543 967; x_wconf 90' lang='lat' dir='ltr'><strong>neutrum</strong></span> <span class='ocrx_word' id='word_1_98' title='bbox 587 923 896 968; x_wconf 84' lang='lat' dir='ltr'><strong>simulationes</strong></span> <span class='ocrx_word' id='word_1_99' title='bbox 940 927 1249 983; x_wconf 85' lang='lat' dir='ltr'><strong>expresserint.</strong></span> <span class='ocrx_word' id='word_1_100' title='bbox 1313 927 1494 972; x_wconf 89' lang='lat' dir='ltr'><strong>Habent</strong></span> 
     </span>
     <span class='ocr_line' id='line_1_14' title="bbox 61 985 1493 1046; baseline 0.003 -16"><span class='ocrx_word' id='word_1_101' title='bbox 61 1000 144 1031; x_wconf 80' lang='lat' dir='ltr'><strong>sua</strong></span> <span class='ocrx_word' id='word_1_102' title='bbox 168 985 307 1030; x_wconf 80' lang='lat' dir='ltr'><strong>verba</strong></span> <span class='ocrx_word' id='word_1_103' title='bbox 331 985 504 1043; x_wconf 88' lang='lat' dir='ltr'><strong>miseri,</strong></span> <span class='ocrx_word' id='word_1_104' title='bbox 537 1001 618 1030; x_wconf 87' lang='lat' dir='ltr'><strong>sua</strong></span> <span class='ocrx_word' id='word_1_105' title='bbox 644 986 781 1031; x_wconf 88' lang='lat' dir='ltr'><strong>verba</strong></span> <span class='ocrx_word' id='word_1_106' title='bbox 813 987 985 1045; x_wconf 88' lang='lat' dir='ltr'><strong>felices,</strong></span> <span class='ocrx_word' id='word_1_107' title='bbox 1019 991 1159 1046; x_wconf 89' lang='lat' dir='ltr'><strong>utque</strong></span> <span class='ocrx_word' id='word_1_108' title='bbox 1186 990 1273 1034; x_wconf 85' lang='lat' dir='ltr'><strong>iam</strong></span> <span class='ocrx_word' id='word_1_109' title='bbox 1302 991 1493 1035; x_wconf 87' lang='lat' dir='ltr'><strong>maxime</strong></span> 
     </span>
     <span class='ocr_line' id='line_1_15' title="bbox 61 1047 1569 1112; baseline 0.004 -19"><span class='ocrx_word' id='word_1_110' title='bbox 61 1047 216 1094; x_wconf 80' lang='lat' dir='ltr'><strong>eadem</strong></span> <span class='ocrx_word' id='word_1_111' title='bbox 243 1048 300 1093; x_wconf 84' lang='lat' dir='ltr'><strong>ab</strong></span> <span class='ocrx_word' id='word_1_112' title='bbox 325 1049 531 1107; x_wconf 90' lang='lat' dir='ltr'><strong>utrisque</strong></span> <span class='ocrx_word' id='word_1_113' title='bbox 558 1048 784 1107; x_wconf 85' lang='lat' dir='ltr'><strong>dicantur,</strong></span> <span class='ocrx_word' id='word_1_114' title='bbox 817 1051 948 1095; x_wconf 87' lang='lat' dir='ltr'><strong>aliter</strong></span> <span class='ocrx_word' id='word_1_115' title='bbox 968 1051 1190 1096; x_wconf 88' lang='lat' dir='ltr'><strong>dicuntur.</strong></span> <span class='ocrx_word' id='word_1_116' title='bbox 1224 1053 1370 1097; x_wconf 87' lang='lat' dir='ltr'><strong>Testis</strong></span> <span class='ocrx_word' id='word_1_117' title='bbox 1398 1054 1493 1112; x_wconf 89' lang='lat' dir='ltr'><strong>ipse</strong></span> <span class='ocrx_word' id='word_1_118' title='bbox 1507 1050 1569 1099; x_wconf 77' lang='lat'><strong>73</strong></span> 
     </span>
    </p>

    <p class='ocr_par' dir='ltr' id='par_1_5' title="bbox 0 1111 1542 1425">
     <span class='ocr_line' id='line_1_16' title="bbox 0 1111 1494 1175; baseline 0.004 -20"><span class='ocrx_word' id='word_1_119' title='bbox 0 1122 36 1153; x_wconf 66' lang='grc' dir='ltr'><strong>ιε</strong></span> <span class='ocrx_word' id='word_1_120' title='bbox 61 1125 128 1170; x_wconf 84' lang='lat' dir='ltr'><strong>es,</strong></span> <span class='ocrx_word' id='word_1_121' title='bbox 161 1127 276 1170; x_wconf 81' lang='lat' dir='ltr'><strong>quae</strong></span> <span class='ocrx_word' id='word_1_122' title='bbox 301 1112 348 1157; x_wconf 88' lang='lat' dir='ltr'><strong>in</strong></span> <span class='ocrx_word' id='word_1_123' title='bbox 377 1111 580 1156; x_wconf 89' lang='lat' dir='ltr'><strong>omnium</strong></span> <span class='ocrx_word' id='word_1_124' title='bbox 608 1127 685 1157; x_wconf 86' lang='lat' dir='ltr'><strong>ore</strong></span> <span class='ocrx_word' id='word_1_125' title='bbox 710 1113 894 1157; x_wconf 88' lang='lat' dir='ltr'><strong>laetitia.</strong></span> <span class='ocrx_word' id='word_1_126' title='bbox 926 1113 1033 1158; x_wconf 91' lang='lat' dir='ltr'><strong>Non</strong></span> <span class='ocrx_word' id='word_1_127' title='bbox 1054 1116 1243 1160; x_wconf 85' lang='lat' dir='ltr'><strong>amictus</strong></span> <span class='ocrx_word' id='word_1_128' title='bbox 1271 1117 1494 1175; x_wconf 89' lang='lat' dir='ltr'><strong>cuiquam,</strong></span> 
     </span>
     <span class='ocr_line' id='line_1_17' title="bbox 59 1174 1494 1233; baseline 0.003 -14"><span class='ocrx_word' id='word_1_129' title='bbox 59 1189 155 1220; x_wconf 89' lang='lat' dir='ltr'><strong>non</strong></span> <span class='ocrx_word' id='word_1_130' title='bbox 185 1174 392 1233; x_wconf 83' lang='lat' dir='ltr'><strong>habitus,</strong></span> <span class='ocrx_word' id='word_1_131' title='bbox 432 1190 566 1233; x_wconf 91' lang='lat' dir='ltr'><strong>quem</strong></span> <span class='ocrx_word' id='word_1_132' title='bbox 606 1175 740 1220; x_wconf 91' lang='lat' dir='ltr'><strong>modo</strong></span> <span class='ocrx_word' id='word_1_133' title='bbox 781 1177 1014 1221; x_wconf 88' lang='lat' dir='ltr'><strong>extulerat.</strong></span> <span class='ocrx_word' id='word_1_134' title='bbox 1079 1176 1189 1223; x_wconf 88' lang='lat' dir='ltr'><strong>Inde</strong></span> <span class='ocrx_word' id='word_1_135' title='bbox 1230 1180 1494 1224; x_wconf 81' lang='lat' dir='ltr'><strong>resultantia</strong></span> 
     </span>
     <span class='ocr_line' id='line_1_18' title="bbox 60 1236 1491 1296; baseline 0.003 -14"><span class='ocrx_word' id='word_1_136' title='bbox 60 1236 248 1283; x_wconf 82' lang='lat' dir='ltr'><strong>vocibus</strong></span> <span class='ocrx_word' id='word_1_137' title='bbox 274 1240 415 1296; x_wconf 82' lang='lat' dir='ltr'><strong>tecta,</strong></span> <span class='ocrx_word' id='word_1_138' title='bbox 439 1237 645 1296; x_wconf 84' lang='lat' dir='ltr'><strong>nihilque</strong></span> <span class='ocrx_word' id='word_1_139' title='bbox 678 1239 816 1283; x_wconf 87' lang='lat' dir='ltr'><strong>tantis</strong></span> <span class='ocrx_word' id='word_1_140' title='bbox 842 1240 1112 1285; x_wconf 88' lang='lat' dir='ltr'><strong>clamoribus</strong></span> <span class='ocrx_word' id='word_1_141' title='bbox 1142 1242 1248 1286; x_wconf 88' lang='lat' dir='ltr'><strong>satis</strong></span> <span class='ocrx_word' id='word_1_142' title='bbox 1277 1243 1491 1287; x_wconf 90' lang='lat' dir='ltr'><strong>clausum.</strong></span> 
     </span>
     <span class='ocr_line' id='line_1_19' title="bbox 61 1298 1542 1361; baseline 0.003 -16"><span class='ocrx_word' id='word_1_143' title='bbox 61 1298 172 1354; x_wconf 85' lang='lat' dir='ltr'><strong>Quis</strong></span> <span class='ocrx_word' id='word_1_144' title='bbox 205 1303 315 1346; x_wconf 89' lang='lat' dir='ltr'><strong>tunc</strong></span> <span class='ocrx_word' id='word_1_145' title='bbox 352 1316 447 1346; x_wconf 91' lang='lat' dir='ltr'><strong>non</strong></span> <span class='ocrx_word' id='word_1_146' title='bbox 485 1317 510 1346; x_wconf 93' lang='lat' dir='ltr'><strong>e</strong></span> <span class='ocrx_word' id='word_1_147' title='bbox 547 1302 740 1360; x_wconf 88' lang='lat' dir='ltr'><strong>vestigio</strong></span> <span class='ocrx_word' id='word_1_148' title='bbox 785 1318 865 1346; x_wconf 89' lang='lat' dir='ltr'><strong>suo</strong></span> <span class='ocrx_word' id='word_1_149' title='bbox 910 1304 1099 1347; x_wconf 81' lang='lat' dir='ltr'><strong>exiluit?</strong></span> <span class='ocrx_word' id='word_1_150' title='bbox 1143 1304 1242 1361; x_wconf 89' lang='lat' dir='ltr'><strong>quis</strong></span> <span class='ocrx_word' id='word_1_151' title='bbox 1283 1305 1493 1350; x_wconf 88' lang='lat' dir='ltr'><strong>exiluisse</strong></span> <span class='ocrx_word' id='word_1_152' title='bbox 1520 1317 1542 1350; x_wconf 83' lang='lat'>2</span> 
     </span>
     <span class='ocr_line' id='line_1_20' title="bbox 60 1363 1492 1425; baseline 0.003 -17"><span class='ocrx_word' id='word_1_153' title='bbox 60 1363 232 1408; x_wconf 83' lang='lat' dir='ltr'><strong>sensit?</strong></span> <span class='ocrx_word' id='word_1_154' title='bbox 295 1363 441 1408; x_wconf 87' lang='lat' dir='ltr'><strong>Multa</strong></span> <span class='ocrx_word' id='word_1_155' title='bbox 465 1363 653 1409; x_wconf 87' lang='lat' dir='ltr'><strong>fecimus</strong></span> <span class='ocrx_word' id='word_1_156' title='bbox 679 1368 857 1423; x_wconf 89' lang='lat' dir='ltr'><strong>sponte,</strong></span> <span class='ocrx_word' id='word_1_157' title='bbox 891 1366 1023 1424; x_wconf 87' lang='lat' dir='ltr'><strong>plura</strong></span> <span class='ocrx_word' id='word_1_158' title='bbox 1049 1367 1267 1412; x_wconf 89' lang='lat' dir='ltr'><strong>instinctu</strong></span> <span class='ocrx_word' id='word_1_159' title='bbox 1297 1369 1492 1425; x_wconf 89' lang='lat' dir='ltr'><strong>quodam</strong></span> 
     </span>
    </p>

    <p class='ocr_par' dir='ltr' id='par_1_6' title="bbox 0 1426 1543 1740">
     <span class='ocr_line' id='line_1_21' title="bbox 0 1426 1542 1488; baseline 0.004 -18"><span class='ocrx_word' id='word_1_160' title='bbox 0 1437 36 1468; x_wconf 71' lang='grc' dir='ltr'><strong>ιο</strong></span> <span class='ocrx_word' id='word_1_161' title='bbox 61 1428 107 1471; x_wconf 88' lang='lat' dir='ltr'><strong>et</strong></span> <span class='ocrx_word' id='word_1_162' title='bbox 131 1426 343 1485; x_wconf 82' lang='lat' dir='ltr'><strong>imperio3</strong></span> <span class='ocrx_word' id='word_1_163' title='bbox 374 1442 480 1472; x_wconf 88' lang='lat' dir='ltr'><strong>nam</strong></span> <span class='ocrx_word' id='word_1_164' title='bbox 508 1427 673 1487; x_wconf 86' lang='lat' dir='ltr'><strong>gaudio</strong></span> <span class='ocrx_word' id='word_1_165' title='bbox 696 1443 876 1486; x_wconf 92' lang='lat' dir='ltr'><strong>quoque</strong></span> <span class='ocrx_word' id='word_1_166' title='bbox 903 1430 1093 1488; x_wconf 88' lang='lat' dir='ltr'><strong>cogendi</strong></span> <span class='ocrx_word' id='word_1_167' title='bbox 1114 1431 1181 1474; x_wconf 83' lang='lat' dir='ltr'><strong>vis</strong></span> <span class='ocrx_word' id='word_1_168' title='bbox 1208 1431 1335 1475; x_wconf 87' lang='lat' dir='ltr'><strong>inest.</strong></span> <span class='ocrx_word' id='word_1_169' title='bbox 1369 1430 1494 1476; x_wconf 91' lang='lat' dir='ltr'><strong>Num</strong></span> <span class='ocrx_word' id='word_1_170' title='bbox 1521 1443 1542 1476; x_wconf 87' lang='lat'><strong>3</strong></span> 
     </span>
     <span class='ocr_line' id='line_1_22' title="bbox 60 1490 1494 1552; baseline 0.003 -18"><span class='ocrx_word' id='word_1_171' title='bbox 60 1504 168 1549; x_wconf 86' lang='lat' dir='ltr'><strong>ergo</strong></span> <span class='ocrx_word' id='word_1_172' title='bbox 208 1490 395 1534; x_wconf 91' lang='lat' dir='ltr'><strong>modum</strong></span> <span class='ocrx_word' id='word_1_173' title='bbox 432 1490 475 1535; x_wconf 91' lang='lat' dir='ltr'><strong>ei</strong></span> <span class='ocrx_word' id='word_1_174' title='bbox 506 1493 586 1535; x_wconf 89' lang='lat' dir='ltr'><strong>tua</strong></span> <span class='ocrx_word' id='word_1_175' title='bbox 618 1491 775 1535; x_wconf 88' lang='lat' dir='ltr'><strong>saltem</strong></span> <span class='ocrx_word' id='word_1_176' title='bbox 812 1492 1032 1536; x_wconf 86' lang='lat' dir='ltr'><strong>modestia</strong></span> <span class='ocrx_word' id='word_1_177' title='bbox 1064 1493 1311 1550; x_wconf 76' lang='lat' dir='ltr'><strong>imposuit?</strong></span> <span class='ocrx_word' id='word_1_178' title='bbox 1374 1493 1494 1552; x_wconf 88' lang='lat' dir='ltr'><strong>Non,</strong></span> 
     </span>
     <span class='ocr_line' id='line_1_23' title="bbox 61 1553 1493 1613; baseline 0.002 -16"><span class='ocrx_word' id='word_1_179' title='bbox 61 1555 232 1611; x_wconf 88' lang='lat' dir='ltr'><strong>quanto</strong></span> <span class='ocrx_word' id='word_1_180' title='bbox 266 1553 410 1613; x_wconf 82' lang='lat' dir='ltr'><strong>magis</strong></span> <span class='ocrx_word' id='word_1_181' title='bbox 444 1569 470 1598; x_wconf 86' lang='lat' dir='ltr'><strong>a</strong></span> <span class='ocrx_word' id='word_1_182' title='bbox 501 1556 547 1598; x_wconf 90' lang='lat' dir='ltr'><strong>te</strong></span> <span class='ocrx_word' id='word_1_183' title='bbox 579 1553 925 1612; x_wconf 83' lang='lat' dir='ltr'><strong>reprimebatur,</strong></span> <span class='ocrx_word' id='word_1_184' title='bbox 960 1556 1237 1600; x_wconf 77' lang='lat' dir='ltr'><strong>exarsimus?</strong></span> <span class='ocrx_word' id='word_1_185' title='bbox 1269 1572 1363 1601; x_wconf 92' lang='lat' dir='ltr'><strong>non</strong></span> <span class='ocrx_word' id='word_1_186' title='bbox 1389 1572 1493 1602; x_wconf 91' lang='lat' dir='ltr'><strong>con-</strong></span> 
     </span>
     <span class='ocr_line' id='line_1_24' title="bbox 59 1614 1492 1678; baseline 0.002 -17"><span class='ocrx_word' id='word_1_187' title='bbox 59 1615 277 1674; x_wconf 78' lang='lat' dir='ltr'><strong>tumacia,</strong></span> <span class='ocrx_word' id='word_1_188' title='bbox 303 1614 483 1675; x_wconf 83' lang='lat' dir='ltr'><strong>Caesar3</strong></span> <span class='ocrx_word' id='word_1_189' title='bbox 511 1617 607 1672; x_wconf 91' lang='lat' dir='ltr'><strong>sed,</strong></span> <span class='ocrx_word' id='word_1_190' title='bbox 634 1620 686 1661; x_wconf 90' lang='lat' dir='ltr'><strong>ut</strong></span> <span class='ocrx_word' id='word_1_191' title='bbox 711 1617 758 1660; x_wconf 89' lang='lat' dir='ltr'><strong>in</strong></span> <span class='ocrx_word' id='word_1_192' title='bbox 784 1620 862 1661; x_wconf 90' lang='lat' dir='ltr'><strong>tua</strong></span> <span class='ocrx_word' id='word_1_193' title='bbox 882 1620 1104 1674; x_wconf 86' lang='lat' dir='ltr'><strong>potestate</strong></span> <span class='ocrx_word' id='word_1_194' title='bbox 1133 1621 1218 1676; x_wconf 87' lang='lat' dir='ltr'><strong>est,</strong></span> <span class='ocrx_word' id='word_1_195' title='bbox 1245 1635 1303 1663; x_wconf 89' lang='lat' dir='ltr'><strong>an</strong></span> <span class='ocrx_word' id='word_1_196' title='bbox 1330 1620 1492 1678; x_wconf 88' lang='lat' dir='ltr'><strong>gaude-</strong></span> 
     </span>
     <span class='ocr_line' id='line_1_25' title="bbox 60 1678 1543 1740; baseline 0.003 -17"><span class='ocrx_word' id='word_1_197' title='bbox 60 1694 208 1737; x_wconf 85' lang='lat' dir='ltr'><strong>amus,</strong></span> <span class='ocrx_word' id='word_1_198' title='bbox 239 1678 322 1738; x_wconf 86' lang='lat' dir='ltr'><strong>ita,</strong></span> <span class='ocrx_word' id='word_1_199' title='bbox 354 1679 402 1723; x_wconf 91' lang='lat' dir='ltr'><strong>in</strong></span> <span class='ocrx_word' id='word_1_200' title='bbox 428 1682 668 1738; x_wconf 86' lang='lat' dir='ltr'><strong>quantum,</strong></span> <span class='ocrx_word' id='word_1_201' title='bbox 699 1695 782 1724; x_wconf 90' lang='lat' dir='ltr'><strong>nec</strong></span> <span class='ocrx_word' id='word_1_202' title='bbox 815 1681 862 1724; x_wconf 90' lang='lat' dir='ltr'><strong>in</strong></span> <span class='ocrx_word' id='word_1_203' title='bbox 887 1683 1052 1725; x_wconf 89' lang='lat' dir='ltr'><strong>nostra.</strong></span> <span class='ocrx_word' id='word_1_204' title='bbox 1107 1680 1423 1740; x_wconf 84' lang='lat' dir='ltr'><strong>Comprobasti</strong></span> <span class='ocrx_word' id='word_1_205' title='bbox 1450 1686 1494 1728; x_wconf 92' lang='lat' dir='ltr'><strong>et</strong></span> <span class='ocrx_word' id='word_1_206' title='bbox 1519 1695 1543 1727; x_wconf 85' lang='lat'>4</span> 
     </span>
    </p>

    <p class='ocr_par' dir='ltr' id='par_1_7' title="bbox 0 1741 1492 1930">
     <span class='ocr_line' id='line_1_26' title="bbox 0 1741 1492 1800; baseline 0.003 -14"><span class='ocrx_word' id='word_1_207' title='bbox 0 1755 35 1783; x_wconf 74' lang='lat'><strong>2⁵</strong></span> <span class='ocrx_word' id='word_1_208' title='bbox 60 1741 158 1800; x_wconf 87' lang='lat' dir='ltr'><strong>ipse</strong></span> <span class='ocrx_word' id='word_1_209' title='bbox 200 1742 576 1787; x_wconf 81' lang='lat' dir='ltr'><strong>acclamationum</strong></span> <span class='ocrx_word' id='word_1_210' title='bbox 618 1745 875 1787; x_wconf 88' lang='lat' dir='ltr'><strong>nostrarum</strong></span> <span class='ocrx_word' id='word_1_211' title='bbox 917 1743 1052 1788; x_wconf 91' lang='lat' dir='ltr'><strong>fidem</strong></span> <span class='ocrx_word' id='word_1_212' title='bbox 1095 1744 1381 1790; x_wconf 86' lang='lat' dir='ltr'><strong>lacrimarum</strong></span> <span class='ocrx_word' id='word_1_213' title='bbox 1424 1749 1492 1790; x_wconf 88' lang='lat' dir='ltr'><strong>tu-</strong></span> 
     </span>
     <span class='ocr_line' id='line_1_27' title="bbox 61 1805 1492 1853; baseline 0.002 -3"><span class='ocrx_word' id='word_1_214' title='bbox 61 1820 189 1850; x_wconf 79' lang='lat' dir='ltr'><strong>arum</strong></span> <span class='ocrx_word' id='word_1_215' title='bbox 215 1805 416 1850; x_wconf 81' lang='lat' dir='ltr'><strong>veritate.</strong></span> <span class='ocrx_word' id='word_1_216' title='bbox 450 1805 660 1850; x_wconf 88' lang='lat' dir='ltr'><strong>Vidimus</strong></span> <span class='ocrx_word' id='word_1_217' title='bbox 687 1806 999 1851; x_wconf 88' lang='lat' dir='ltr'><strong>humescentes</strong></span> <span class='ocrx_word' id='word_1_218' title='bbox 1028 1808 1182 1852; x_wconf 88' lang='lat' dir='ltr'><strong>oculos</strong></span> <span class='ocrx_word' id='word_1_219' title='bbox 1210 1810 1313 1853; x_wconf 91' lang='lat' dir='ltr'><strong>tuos</strong></span> <span class='ocrx_word' id='word_1_220' title='bbox 1334 1809 1492 1853; x_wconf 91' lang='lat' dir='ltr'><strong>demis-</strong></span> 
     </span>
     <span class='ocr_line' id='line_1_28' title="bbox 57 1868 1492 1930; baseline 0.003 -18"><span class='ocrx_word' id='word_1_221' title='bbox 57 1882 252 1926; x_wconf 87' lang='lat' dir='ltr'><strong>sumque</strong></span> <span class='ocrx_word' id='word_1_222' title='bbox 296 1868 462 1928; x_wconf 85' lang='lat' dir='ltr'><strong>gaudio</strong></span> <span class='ocrx_word' id='word_1_223' title='bbox 507 1870 684 1913; x_wconf 82' lang='lat' dir='ltr'><strong>vultum</strong></span> <span class='ocrx_word' id='word_1_224' title='bbox 723 1871 991 1927; x_wconf 86' lang='lat' dir='ltr'><strong>tantumque</strong></span> <span class='ocrx_word' id='word_1_225' title='bbox 1038 1871 1270 1930; x_wconf 87' lang='lat' dir='ltr'><strong>sanguinis</strong></span> <span class='ocrx_word' id='word_1_226' title='bbox 1323 1872 1370 1915; x_wconf 91' lang='lat' dir='ltr'><strong>in</strong></span> <span class='ocrx_word' id='word_1_227' title='bbox 1417 1887 1492 1916; x_wconf 85' lang='lat' dir='ltr'><strong>ore</strong></span> 
     </span>
    </p>

    <p class='ocr_par' dir='ltr' id='par_1_8' title="bbox 0 1931 1542 2183">
     <span class='ocr_line' id='line_1_29' title="bbox 0 1931 1542 1993; baseline 0.003 -18"><span class='ocrx_word' id='word_1_228' title='bbox 0 1938 1 1982; x_wconf 64' lang='lat'>1</span> <span class='ocrx_word' id='word_1_229' title='bbox 61 1934 280 1988; x_wconf 81' lang='lat' dir='ltr'><strong>quantum</strong></span> <span class='ocrx_word' id='word_1_230' title='bbox 312 1931 362 1976; x_wconf 93' lang='lat' dir='ltr'><strong>in</strong></span> <span class='ocrx_word' id='word_1_231' title='bbox 393 1931 543 1976; x_wconf 85' lang='lat' dir='ltr'><strong>animo</strong></span> <span class='ocrx_word' id='word_1_232' title='bbox 577 1932 773 1990; x_wconf 90' lang='lat' dir='ltr'><strong>pudoris.</strong></span> <span class='ocrx_word' id='word_1_233' title='bbox 839 1931 990 1990; x_wconf 90' lang='lat' dir='ltr'><strong>Atque</strong></span> <span class='ocrx_word' id='word_1_234' title='bbox 1023 1932 1111 1978; x_wconf 85' lang='lat' dir='ltr'><strong>hoc</strong></span> <span class='ocrx_word' id='word_1_235' title='bbox 1143 1935 1287 1993; x_wconf 88' lang='lat' dir='ltr'><strong>magis</strong></span> <span class='ocrx_word' id='word_1_236' title='bbox 1321 1935 1492 1979; x_wconf 89' lang='lat' dir='ltr'><strong>incensi</strong></span> <span class='ocrx_word' id='word_1_237' title='bbox 1519 1946 1542 1979; x_wconf 84' lang='lat'><strong>5</strong></span> 
     </span>
     <span class='ocr_line' id='line_1_30' title="bbox 61 1995 1493 2053; baseline 0.003 -15"><span class='ocrx_word' id='word_1_238' title='bbox 61 2009 230 2052; x_wconf 89' lang='lat' dir='ltr'><strong>sumus,</strong></span> <span class='ocrx_word' id='word_1_239' title='bbox 262 1996 315 2039; x_wconf 91' lang='lat' dir='ltr'><strong>ut</strong></span> <span class='ocrx_word' id='word_1_240' title='bbox 332 2010 631 2053; x_wconf 85' lang='lat' dir='ltr'><strong>precaremur,</strong></span> <span class='ocrx_word' id='word_1_241' title='bbox 657 2010 714 2039; x_wconf 93' lang='lat' dir='ltr'><strong>ne</strong></span> <span class='ocrx_word' id='word_1_242' title='bbox 743 1995 920 2052; x_wconf 92' lang='lat' dir='ltr'><strong>quando</strong></span> <span class='ocrx_word' id='word_1_243' title='bbox 947 1995 1032 2039; x_wconf 87' lang='lat' dir='ltr'><strong>tibi</strong></span> <span class='ocrx_word' id='word_1_244' title='bbox 1058 2012 1150 2040; x_wconf 92' lang='lat' dir='ltr'><strong>non</strong></span> <span class='ocrx_word' id='word_1_245' title='bbox 1179 1997 1330 2041; x_wconf 89' lang='lat' dir='ltr'><strong>eadem</strong></span> <span class='ocrx_word' id='word_1_246' title='bbox 1360 2013 1493 2042; x_wconf 89' lang='lat' dir='ltr'><strong>causa</strong></span> 
     </span>
     <span class='ocr_line' id='line_1_31' title="bbox 60 2056 1490 2116; baseline 0.003 -15"><span class='ocrx_word' id='word_1_247' title='bbox 60 2056 366 2115; x_wconf 87' lang='lat' dir='ltr'><strong>lacrimarum,</strong></span> <span class='ocrx_word' id='word_1_248' title='bbox 398 2060 539 2116; x_wconf 91' lang='lat' dir='ltr'><strong>utque</strong></span> <span class='ocrx_word' id='word_1_249' title='bbox 565 2073 812 2115; x_wconf 85' lang='lat' dir='ltr'><strong>numquam</strong></span> <span class='ocrx_word' id='word_1_250' title='bbox 839 2057 1035 2102; x_wconf 88' lang='lat' dir='ltr'><strong>frontem</strong></span> <span class='ocrx_word' id='word_1_251' title='bbox 1061 2062 1186 2103; x_wconf 88' lang='lat' dir='ltr'><strong>tuam</strong></span> <span class='ocrx_word' id='word_1_252' title='bbox 1210 2061 1490 2106; x_wconf 77' lang='lat' dir='ltr'><strong>contraheres.</strong></span> 
     </span>
     <span class='ocr_line' id='line_1_32' title="bbox 61 2119 1540 2183; baseline 0.003 -19"><span class='ocrx_word' id='word_1_253' title='bbox 61 2119 164 2165; x_wconf 85' lang='lat' dir='ltr'><strong>Hoc</strong></span> <span class='ocrx_word' id='word_1_254' title='bbox 176 2119 327 2179; x_wconf 89' lang='lat' dir='ltr'><strong>ipsum</strong></span> <span class='ocrx_word' id='word_1_255' title='bbox 339 2120 423 2165; x_wconf 85' lang='lat' dir='ltr'><strong>has</strong></span> <span class='ocrx_word' id='word_1_256' title='bbox 445 2121 570 2166; x_wconf 88' lang='lat' dir='ltr'><strong>sedes</strong></span> <span class='ocrx_word' id='word_1_257' title='bbox 583 2136 666 2165; x_wconf 91' lang='lat' dir='ltr'><strong>nos</strong></span> <span class='ocrx_word' id='word_1_258' title='bbox 689 2121 817 2178; x_wconf 87' lang='lat' dir='ltr'><strong>quasi</strong></span> <span class='ocrx_word' id='word_1_259' title='bbox 836 2136 1129 2179; x_wconf 88' lang='lat' dir='ltr'><strong>responsuras</strong></span> <span class='ocrx_word' id='word_1_260' title='bbox 1150 2122 1491 2183; x_wconf 86' lang='lat' dir='ltr'><strong>interrogemus,</strong></span> <span class='ocrx_word' id='word_1_261' title='bbox 1519 2136 1540 2169; x_wconf 86' lang='lat'><strong>6</strong></span> 
     </span>
    </p>
   </div>
   <div class='ocr_carea' id='block_1_3' title="bbox 62 2203 363 2209">
    <p class='ocr_par' dir='ltr' id='par_1_9' title="bbox 62 2203 363 2209">
     <span class='ocr_line' id='line_1_33' title="bbox 62 2203 363 2209; baseline 0 0"><span class='ocrx_word' id='word_1_262' title='bbox 62 2203 363 2209; x_wconf 95' lang='lat' dir='ltr'><strong> </strong></span> 
     </span>
    </p>
   </div>
   <div class='ocr_carea' id='block_1_4' title="bbox 59 2256 1491 2558">
    <p class='ocr_par' dir='ltr' id='par_1_10' title="bbox 59 2256 1491 2558">
     <span class='ocr_line' id='line_1_34' title="bbox 161 2256 1491 2305; baseline 0.004 -13"><span class='ocrx_word' id='word_1_263' title='bbox 161 2259 184 2292; x_wconf 89' lang='lat'>8</span> <span class='ocrx_word' id='word_1_264' title='bbox 205 2257 411 2304; x_wconf 81' lang='lat' dir='ltr'><strong>ecquando</strong></span> <span class='ocrx_word' id='word_1_265' title='bbox 433 2258 577 2302; x_wconf 67' lang='lat' dir='ltr'><strong>Livin„</strong></span> <span class='ocrx_word' id='word_1_266' title='bbox 599 2257 639 2293; x_wconf 89' lang='lat' dir='ltr'><strong>et</strong></span> <span class='ocrx_word' id='word_1_267' title='bbox 660 2256 818 2303; x_wconf 89' lang='lat' dir='ltr'><strong>quando</strong></span> <span class='ocrx_word' id='word_1_268' title='bbox 839 2257 945 2294; x_wconf 84' lang='lat' dir='ltr'><strong>codd.</strong></span> <span class='ocrx_word' id='word_1_269' title='bbox 967 2262 1127 2305; x_wconf 76' lang='lat' dir='ltr'><strong>utroque</strong></span> <span class='ocrx_word' id='word_1_270' title='bbox 1148 2259 1237 2296; x_wconf 86' lang='lat' dir='ltr'><strong>loco.</strong></span> <span class='ocrx_word' id='word_1_271' title='bbox 1338 2259 1409 2296; x_wconf 80' lang='lat'><strong>13*</strong></span> <span class='ocrx_word' id='word_1_272' title='bbox 1428 2261 1491 2297; x_wconf 90' lang='lat' dir='ltr'><strong>ut-</strong></span> 
     </span>
     <span class='ocr_line' id='line_1_35' title="bbox 61 2306 1491 2357; baseline 0.004 -15"><span class='ocrx_word' id='word_1_273' title='bbox 61 2316 138 2353; x_wconf 90' lang='lat' dir='ltr'><strong>que</strong></span> <span class='ocrx_word' id='word_1_274' title='bbox 162 2329 214 2335; x_wconf 88' lang='lat'>—</span> <span class='ocrx_word' id='word_1_275' title='bbox 240 2310 289 2345; x_wconf 80' lang='lat'><strong>14</strong></span> <span class='ocrx_word' id='word_1_276' title='bbox 316 2306 435 2344; x_wconf 83' lang='lat' dir='ltr'><strong>aliter</strong></span> <span class='ocrx_word' id='word_1_277' title='bbox 454 2307 641 2343; x_wconf 85' lang='lat' dir='ltr'><strong>dicuntur</strong></span> <span class='ocrx_word' id='word_1_278' title='bbox 660 2308 722 2353; x_wconf 88' lang='lat' dir='ltr'><strong>M,</strong></span> <span class='ocrx_word' id='word_1_279' title='bbox 749 2308 792 2343; x_wconf 89' lang='lat' dir='ltr'><strong>at</strong></span> <span class='ocrx_word' id='word_1_280' title='bbox 819 2319 919 2354; x_wconf 88' lang='lat' dir='ltr'><strong>quae</strong></span> <span class='ocrx_word' id='word_1_281' title='bbox 946 2307 1026 2344; x_wconf 81' lang='lat' dir='ltr'><strong>iam</strong></span> <span class='ocrx_word' id='word_1_282' title='bbox 1050 2320 1143 2345; x_wconf 85' lang='lat' dir='ltr'><strong>max</strong></span> <span class='ocrx_word' id='word_1_283' title='bbox 1147 2338 1313 2346; x_wconf 90' lang='grc'><strong>.......</strong></span> <span class='ocrx_word' id='word_1_284' title='bbox 1334 2310 1491 2357; x_wconf 65' lang='lat' dir='ltr'><strong>Suster„</strong></span> 
     </span>
     <span class='ocr_line' id='line_1_36' title="bbox 61 2356 1490 2408; baseline 0.003 -15"><span class='ocrx_word' id='word_1_285' title='bbox 61 2356 175 2403; x_wconf 77' lang='lat' dir='ltr'><strong>atqui</strong></span> <span class='ocrx_word' id='word_1_286' title='bbox 206 2357 287 2394; x_wconf 88' lang='lat' dir='ltr'><strong>iam</strong></span> <span class='ocrx_word' id='word_1_287' title='bbox 321 2369 422 2394; x_wconf 87' lang='lat' dir='ltr'><strong>max.</strong></span> <span class='ocrx_word' id='word_1_288' title='bbox 452 2357 589 2394; x_wconf 86' lang='lat' dir='ltr'><strong>eadem</strong></span> <span class='ocrx_word' id='word_1_289' title='bbox 623 2356 673 2393; x_wconf 88' lang='lat' dir='ltr'><strong>ab</strong></span> <span class='ocrx_word' id='word_1_290' title='bbox 706 2359 782 2394; x_wconf 89' lang='lat' dir='ltr'><strong>utr.</strong></span> <span class='ocrx_word' id='word_1_291' title='bbox 811 2357 996 2394; x_wconf 88' lang='lat' dir='ltr'><strong>dicuntur</strong></span> <span class='ocrx_word' id='word_1_292' title='bbox 1030 2359 1114 2407; x_wconf 85' lang='lat' dir='ltr'><strong>(del.</strong></span> <span class='ocrx_word' id='word_1_293' title='bbox 1143 2359 1328 2397; x_wconf 83' lang='lat' dir='ltr'><strong>dica-ntur</strong></span> <span class='ocrx_word' id='word_1_294' title='bbox 1361 2360 1490 2408; x_wconf 81' lang='lat' dir='ltr'><strong>aliter)</strong></span> 
     </span>
     <span class='ocr_line' id='line_1_37' title="bbox 59 2406 1490 2456; baseline 0.003 -12"><span class='ocrx_word' id='word_1_295' title='bbox 59 2406 217 2453; x_wconf 69' lang='lat' dir='ltr'><strong>Baehr„</strong></span> <span class='ocrx_word' id='word_1_296' title='bbox 249 2409 384 2445; x_wconf 84' lang='lat' dir='ltr'><strong>malim</strong></span> <span class='ocrx_word' id='word_1_297' title='bbox 415 2409 538 2454; x_wconf 89' lang='lat' dir='ltr'><strong>utque</strong></span> <span class='ocrx_word' id='word_1_298' title='bbox 573 2420 689 2454; x_wconf 83' lang='lat' dir='ltr'><strong>quam</strong></span> <span class='ocrx_word' id='word_1_299' title='bbox 723 2419 825 2444; x_wconf 83' lang='lat' dir='ltr'><strong>max.</strong></span> <span class='ocrx_word' id='word_1_300' title='bbox 852 2437 985 2445; x_wconf 91' lang='grc'>......</span> <span class='ocrx_word' id='word_1_301' title='bbox 1142 2414 1187 2446; x_wconf 88' lang='grc'><strong>15</strong></span> <span class='ocrx_word' id='word_1_302' title='bbox 1222 2422 1274 2447; x_wconf 89' lang='lat' dir='ltr'><strong>es.</strong></span> <span class='ocrx_word' id='word_1_303' title='bbox 1307 2410 1414 2456; x_wconf 85' lang='lat' dir='ltr'><strong>Quae</strong></span> <span class='ocrx_word' id='word_1_304' title='bbox 1446 2411 1490 2448; x_wconf 89' lang='lat' dir='ltr'><strong>in</strong></span> 
     </span>
     <span class='ocr_line' id='line_1_38' title="bbox 61 2457 1487 2510; baseline 0.004 -16"><span class='ocrx_word' id='word_1_305' title='bbox 61 2468 163 2494; x_wconf 88' lang='lat' dir='ltr'><strong>omn.</strong></span> <span class='ocrx_word' id='word_1_306' title='bbox 191 2469 226 2495; x_wconf 92' lang='lat' dir='ltr'><strong>o.</strong></span> <span class='ocrx_word' id='word_1_307' title='bbox 252 2457 427 2495; x_wconf 82' lang='lat' dir='ltr'><strong>laetitia!</strong></span> <span class='ocrx_word' id='word_1_308' title='bbox 456 2458 592 2496; x_wconf 85' lang='lat' dir='ltr'><strong>Madv.</strong></span> <span class='ocrx_word' id='word_1_309' title='bbox 748 2461 793 2495; x_wconf 88' lang='lat'><strong>18</strong></span> <span class='ocrx_word' id='word_1_310' title='bbox 827 2458 1010 2496; x_wconf 85' lang='lat' dir='ltr'><strong>exiluisse</strong></span> <span class='ocrx_word' id='word_1_311' title='bbox 1038 2459 1141 2510; x_wconf 85' lang='lat' dir='ltr'><strong>&lt;se&gt;</strong></span> <span class='ocrx_word' id='word_1_312' title='bbox 1170 2461 1320 2507; x_wconf 66' lang='lat' dir='ltr'><strong>Madv„</strong></span> <span class='ocrx_word' id='word_1_313' title='bbox 1349 2462 1487 2499; x_wconf 82' lang='lat' dir='ltr'><strong>Muell.</strong></span> 
     </span>
     <span class='ocr_line' id='line_1_39' title="bbox 61 2508 1250 2558; baseline 0.003 -14"><span class='ocrx_word' id='word_1_314' title='bbox 61 2510 109 2544; x_wconf 78' lang='lat'><strong>22</strong></span> <span class='ocrx_word' id='word_1_315' title='bbox 135 2519 170 2546; x_wconf 87' lang='lat' dir='ltr'><strong>v.</strong></span> <span class='ocrx_word' id='word_1_316' title='bbox 191 2508 389 2554; x_wconf 78' lang='lat' dir='ltr'><strong>Hofacker</strong></span> <span class='ocrx_word' id='word_1_317' title='bbox 407 2520 450 2556; x_wconf 78' lang='lat' dir='ltr'><strong>p.</strong></span> <span class='ocrx_word' id='word_1_318' title='bbox 471 2511 531 2545; x_wconf 82' lang='lat'><strong>58.</strong></span> <span class='ocrx_word' id='word_1_319' title='bbox 635 2511 682 2545; x_wconf 85' lang='lat'><strong>30</strong></span> <span class='ocrx_word' id='word_1_320' title='bbox 709 2509 890 2547; x_wconf 84' lang='lat' dir='ltr'><strong>laewnam</strong></span> <span class='ocrx_word' id='word_1_321' title='bbox 916 2510 1080 2557; x_wconf 65' lang='lat' dir='ltr'><strong>eaplevit</strong></span> <span class='ocrx_word' id='word_1_322' title='bbox 1106 2510 1250 2558; x_wconf 74' lang='lat' dir='ltr'><strong>Gieriy.</strong></span> 
     </span>
    </p>
   </div>
   <div class='ocr_carea' id='block_1_5' title="bbox 137 2584 1262 2622">
    <p class='ocr_par' dir='ltr' id='par_1_11' title="bbox 137 2584 1262 2622">
     <span class='ocr_line' id='line_1_40' title="bbox 137 2584 1262 2622; baseline 0.006 -12"><span class='ocrx_word' id='word_1_323' title='bbox 137 2584 282 2611; x_wconf 78' lang='lat' dir='ltr'><strong>leus</strong></span> <span class='ocrx_word' id='word_1_324' title='bbox 302 2584 422 2612; x_wconf 75' lang='lat' dir='ltr'><strong>Mmoss</strong></span> <span class='ocrx_word' id='word_1_325' title='bbox 442 2587 500 2611; x_wconf 80' lang='grc' dir='ltr'>ΕΙ).</span> <span class='ocrx_word' id='word_1_326' title='bbox 514 2584 681 2612; x_wconf 66' lang='lat' dir='ltr'><strong>szum.</strong></span> <span class='ocrx_word' id='word_1_327' title='bbox 1217 2590 1262 2622; x_wconf 79' lang='grc'><strong>25</strong></span> 
     </span>
    </p>
   </div>
  </div>
 </body>
</html>
