1716 2742
75 1041 135 1089 25

143 113 235 159 340
764 109 803 147 0.
825 108 961 146 PLINI

142 227 309 286 tingaS,
346 229 390 271 et
422 225 599 284 copiam
631 225 719 284 tui,
756 240 851 269 non
882 228 934 269 ut
966 225 1181 283 imputes,
1219 224 1342 271 facis.
1406 223 1576 270 Haeret

143 290 274 335 lateri
315 293 415 346 tuo,
458 288 660 346 quisquis
704 287 910 345 accessit,
958 288 1185 346 finemque
1231 288 1427 333 sermoni
1469 303 1576 333 suus

145 352 305 410 cuique
326 352 489 410 pudor,
522 366 615 396 non
639 353 719 395 tua
740 350 949 409 superbia
974 350 1094 395 facit.
1159 349 1377 410 Regimur
1397 351 1578 409 quidem

146 432 172 460 a
191 418 235 459 te
257 418 302 459 et
324 414 515 460 subiecti
534 414 637 471 tibi,
671 414 747 459 0011
769 429 903 472 quem
925 414 980 457 ad
1006 413 1191 458 modum
1212 414 1390 473 legibus
1411 429 1577 459 sumus.

145 478 263 523 Nam
308 480 352 522 et
397 477 501 522 illae
548 477 816 535 cupiditates
860 479 1039 521 nostras
1084 476 1385 535 libidinesque
1430 477 1580 522 100110-

145 543 319 595 rantur,
351 540 588 585 nobiscum
608 544 697 584 tam
705 556 761 584 en
781 542 825 584 et
845 539 962 584 inter
980 555 1063 584 nos
1083 543 1331 584 versantur.
1382 539 1583 598 Emines‚

147 603 327 648 excellis
374 606 426 647 ut
470 603 635 661 honor,
681 605 734 647 ut
777 604 995 660 potestas,
1040 617 1152 660 quae
1199 618 1332 661 super
1376 603 1582 648 homines

148 666 347 724 quidem,
393 666 630 710 hominum
665 668 770 710 sunt
802 668 965 710 tamen.
1031 664 1151 710 Ante
1183 668 1228 711 te
1261 665 1486 724 principes
1519 666 1583 710 fa-

149 729 283 775 stidio
316 729 462 773 nostri
494 732 540 773 et
566 729 761 787 quodam
796 729 1080 787 aequalitatis
1108 731 1232 773 metu
1258 743 1389 773 usum
1417 729 1583 788 pedum

149 792 402 836 amiserant.
466 790 574 836 Illos
596 807 702 852 ergo
723 792 868 836 umeri
888 792 1171 849 cervicesque
1198 807 1429 837 servorum
1450 807 1584 850 super

150 871 229 900 ora
259 857 433 912 nostra,
465 857 509 899 te
540 855 682 913 fama,
712 857 756 899 te
790 855 954 914 gloria,
985 857 1031 899 te
1063 854 1230 900 civium
1262 855 1424 913 pietas,
1456 858 1502 900 te
1533 854 1585 899 li-

149 919 298 963 bertas
332 933 467 976 super
499 917 621 975 ipsos
655 918 880 976 principes
907 918 1098 976 vehunt3
1131 920 1176 962 te
1209 918 1266 962 ad
1292 918 1438 963 sidera
1462 918 1587 963 tollit

148 981 313 1026 humus
346 981 434 1025 ista
467 981 718 1026 communis
752 983 797 1025 et
830 981 1018 1026 confusa
1050 980 1267 1039 principis
1300 981 1503 1041 vestigia.

243 1043 290 1089 N
292 1059 341 1089 ec
361 1059 536 1102 vereor,
555 1046 704 1102 patres
727 1044 991 1102 conscripti,
1016 1059 1072 1088 ne
1091 1044 1274 1103 longior
1292 1043 1462 1102 videar,
1483 1059 1586 1089 cum

152 1108 211 1152 sit
236 1107 430 1151 maxime
458 1107 728 1165 optandum,
759 1110 811 1151 ut
838 1123 907 1164 ea,
941 1122 1023 1165 pro
1053 1107 1216 1165 quibus
1245 1110 1443 1167 aguntur
1467 1107 1588 1165 prin-

152 1170 242 1229 cipi
269 1171 457 1229 gratiae,
490 1171 635 1215 multa
661 1170 769 1227 sint3
803 1185 915 1228 quae
943 1170 1124 1228 quidem
1151 1170 1426 1215 reverentius
1453 1170 1590 1215 fuerit

152 1234 329 1292 integra
348 1233 627 1291 inlibataque
653 1233 1005 1292 cogitationibus
1027 1233 1187 1278 vestris
1213 1233 1431 1278 reservari
1452 1248 1588 1291 quam

154 1296 345 1355 carptim
377 1296 662 1354 breviterque
695 1296 958 1355 perstringi,
1000 1296 1106 1354 quia
1144 1296 1237 1340 fere
1277 1296 1500 1354 sequitur,
1537 1298 1590 1340 ut

153 1359 232 1404 illa
259 1359 458 1417 quidem,
492 1359 546 1403 de
573 1359 735 1417 quibus
762 1362 930 1417 taceas,
962 1361 1105 1417 tanta,
1140 1361 1309 1417 quanta
1336 1362 1461 1417 sunt,
1495 1373 1590 1404 esse

153 1422 411 1467 videantur:
469 1422 557 1466 nisi
609 1437 715 1467 vero
767 1422 927 1467 leviter
979 1422 1143 1481 attingi
1194 1423 1342 1480 placet
1392 1422 1590 1480 locuple-

154 1488 270 1530 tatas
316 1485 462 1529 tribus
515 1486 758 1543 datumque
804 1485 1084 1545 congiarium
1130 1486 1300 1543 populo
1345 1488 1389 1530 et
1437 1485 1591 1530 datum

155 1550 323 1606 totum,
367 1563 469 1592 cum
504 1548 705 1593 donativi
744 1551 918 1606 partem
958 1548 1124 1592 milites
1164 1548 1452 1606 accepissent.
1516 1546 1591 1592 An

155 1611 392 1656 mediocris
436 1611 575 1655 animi
617 1614 684 1656 est
725 1612 796 1656 his
839 1611 992 1670 potius
1034 1614 1386 1669 repraesentare,
1428 1610 1591 1669 quibus

156 1674 299 1733 magis
345 1674 502 1734 negari
546 1675 726 1733 potest?
770 1690 1044 1732 quamquam
1087 1674 1135 1718 in
1179 1674 1264 1719 hac
1308 1689 1486 1732 quoque
1529 1673 1592 1718 di-

155 1737 366 1782 versitate
410 1738 695 1795 aequalitatis
737 1738 852 1782 ratio
897 1739 1071 1782 servata
1113 1740 1192 1782 est.
1257 1736 1455 1795 Aequati
1487 1739 1593 1782 sunt

156 1800 275 1845 enim
308 1801 478 1859 populo
507 1800 671 1845 milites
706 1816 779 1859 eo,
813 1800 934 1859 quod
960 1803 1153 1858 partem,
1187 1800 1263 1845 sed
1290 1801 1481 1859 priores,
1514 1815 1593 1859 po·

157 1864 292 1922 pulus
326 1863 566 1921 militibus,
610 1864 730 1922 quod
764 1864 1007 1921 posterior,
1046 1863 1124 1908 sed
1156 1866 1304 1908 totum
1337 1863 1491 1908 statim
1524 1878 1594 1908 ac-

157 1926 288 1984 cepit.
341 1925 585 1970 Enimvero
621 1942 710 1984 qua
735 1927 1013 1986 benignitate
1041 1926 1235 1970 divisum
1263 1929 1349 1984 est,
1383 1928 1593 1984 quantae-

159 2004 245 2046 que
289 2004 421 2034 eurae
464 1988 548 2033 tibi
591 1990 697 2047 fuit,
738 2005 795 2034 ne
838 1990 938 2047 quis
976 2005 1134 2047 expers
1170 1989 1454 2034 liberalitatis
1490 1991 1594 2034 tuae

158 2053 303 2096 fieret!
343 2051 512 2096 Datum
553 2056 621 2097 est
659 2052 749 2110 his,
791 2053 868 2110 qui
906 2055 1011 2110 post
1051 2052 1247 2097 edictum
1286 2054 1416 2096 tuum
1449 2053 1497 2096 in
1528 2053 1594 2097 lo-

160 2131 262 2160 cum
296 2130 525 2159 erasorum
560 2115 730 2160 subditi
762 2115 959 2173 fuerant,
995 2115 1263 2174 aequatique
1297 2117 1404 2160 sunt
1435 2115 1593 2160 ceteris

161 2178 228 2222 illi
249 2178 403 2234 etiam,
438 2178 603 2236 quibus
623 2194 715 2223 non
736 2181 832 2223 erat
852 2178 1137 2236 promissum.
1189 2177 1398 2238 Negotiis
1419 2177 1596 2236 aliquis,

263 2306 283 2338 2
318 2302 507 2339 sermonis
540 2303 697 2347 Baehr„
731 2303 795 2339 sed
829 2303 877 2348 cf.
900 2314 942 2349 p.
971 2305 1036 2347 82,
1066 2304 1135 2347 14;
1163 2305 1248 2347 144,
1276 2305 1310 2339 9.
1441 2305 1487 2338 10
1514 2301 1596 2338 Hos

163 2353 384 2399 Borneeque
402 2365 443 2399 p.
466 2355 553 2389 216.
660 2357 704 2389 12
733 2364 850 2399 super
869 2352 1019 2399 priores
1039 2352 1163 2399 princ.
1185 2352 1342 2399 Baehr„
1370 2362 1487 2399 super
1507 2351 1596 2388 illos

163 2414 220 2448 pr.
250 2402 289 2439 G.
319 2402 491 2449 Schenkl,
526 2415 644 2449 super
676 2403 781 2450 ipsos
814 2402 963 2453 <11100>
991 2415 1049 2449 pr.
1078 2402 1226 2439 Burkh.
1362 2405 1408 2438 19
1437 2401 1595 2450 (haut)

164 2454 276 2487 tanta
298 2453 452 2498 Baehr„
479 2454 545 2490 sed
570 2465 603 2490 v.
620 2453 767 2490 Burklv.
784 2465 824 2500 p.
842 2456 925 2498 166,
953 2464 1031 2489 non
1057 2453 1266 2489 videantur
1286 2452 1424 2489 Novak
1444 2452 1596 2498 Zfdo’G.

166 2505 276 2548 1891,
298 2515 338 2549 p.
363 2506 474 2549 1068,
502 2504 575 2540 aliz·
596 2504 688 2541 alia.
795 2506 841 2539 30
870 2503 1005 2540 datum
1028 2505 1068 2540 et
1095 2503 1166 2550 (vel
1188 2502 1322 2549 etiam)
1344 2502 1393 2539 iis
1414 2503 1595 2540 Schnelle.

1607 490 1624 518 5

1610 807 1647 834 10

1615 1121 1650 1149 15

1617 1436 1654 1464 20

1619 1750 1655 1779 25

1619 2067 1658 2094 30
