1716 2742
27 923 65 951 10

28 1237 64 1266 15

29 1917 66 1945 25

525 127 889 166 EPISTULARUM
915 132 1076 166 63—67.
1426 131 1518 176 295

87 242 338 302 pertinens3
380 242 592 289 recitatae
643 246 690 288 et
734 244 953 301 epistulae
1006 244 1098 288 divi
1143 243 1411 303 Vespasiani
1464 244 1520 289 ad

75 306 466 353 Lacedaemonios
499 309 545 352 et
577 307 670 351 divi
702 306 794 351 Titi
826 307 882 351 ad
909 308 1088 352 eosdem
1121 308 1195 363 [ad
1221 307 1445 364 Achaeos]
1475 310 1521 352 et

88 367 341 415 Domitiani
359 369 416 414 ad
430 369 645 415 Avidium
659 369 904 429 Nigrinum
926 373 971 414 et
984 369 1250 416 Armenium
1264 370 1519 416 Brocchum

89 433 402 491 proconsules,
444 433 553 479 item
598 433 654 477 ad
697 432 1096 491 Lacedaemonios;
1139 450 1253 492 quae
1292 434 1393 479 ideo
1435 434 1521 478 tibi

87 510 184 541 non
214 495 331 554 misi,
369 496 477 555 quia
514 499 559 540 et
599 511 760 554 parum
803 497 1038 541 emendata
1080 500 1123 541 et
1166 497 1386 555 quaedam
1427 512 1521 542 non

89 560 236 603 certae
268 558 374 603 fidei
412 559 698 617 videbantur,
737 561 782 604 et
821 559 1536 626 Q

89 621 266 667 scriniis
298 622 389 666 tuis
424 637 519 667 esse
553 622 799 667 credebam.

609 739 755 780 wa.
791 737 997 792 [Lxxn]

572 828 827 864 TRAIANUS
854 829 1045 864 PLINIO.

185 909 396 963 Quaestio
430 910 535 969 ista,
569 927 683 970 quae
715 912 912 971 pertinet
944 912 999 956 ad
1033 927 1108 957 eos
1116 947 1127 970 ,
1163 913 1240 970 qui
1271 913 1402 957 liberi
1427 912 1523 957 nati
1551 925 1570 958 1

89 973 305 1032 expositi,
343 973 503 1019 deinde
542 975 710 1020 sublati
752 992 778 1020 a
817 975 1087 1034 quibusdam
1131 978 1175 1020 et
1217 976 1264 1019 in
1307 976 1523 1021 servitute

89 1037 268 1082 educati
313 1040 437 1095 sunt,
483 1052 616 1097 saepe
660 1041 853 1084 tractata
905 1042 992 1097 est,
1036 1053 1119 1083 nec
1165 1039 1406 1110 quicquam
1458 1039 1524 1083 in·

89 1100 270 1146 venitur
312 1099 362 1144 in
403 1101 737 1147 commentariis
781 1117 937 1147 eorum
965 1101 1259 1173 principum,
1302 1102 1379 1160 qui
1422 1105 1524 1147 ante

89 1178 161 1208 me
192 1163 395 1221 fuerunt,
427 1164 549 1221 quod
582 1165 637 1209 ad
665 1180 820 1209 omnes
847 1165 1101 1223 provincias
1130 1165 1188 1210 sit
1215 1165 1524 1210 constitutum.

89 1225 326 1285 Epistulae
359 1241 464 1271 sane
498 1230 604 1272 sunt
642 1227 894 1272 Domitiani
933 1228 989 1272 ad
1031 1227 1245 1272 Avidium
1279 1227 1523 1288 Nigrinum
1550 1239 1572 1272 2

90 1291 136 1334 et
166 1287 433 1334 Armenium
466 1289 741 1362 Brocchum,
776 1307 888 1349 quae
921 1291 1112 1336 fortasse
1146 1291 1337 1335 debeant
1376 1291 1524 1336 obser-

90 1351 205 1397 vari:
237 1352 316 1397 sed
342 1353 460 1397 inter
486 1369 559 1398 eas
585 1354 861 1412 provincias,
888 1354 942 1398 de
970 1354 1132 1412 quibus
1160 1354 1403 1412 rescripsit,
1431 1369 1525 1398 11011

91 1418 161 1460 est
190 1414 426 1474 Bithynia3
460 1418 505 1460 et
536 1416 637 1461 ideo
670 1432 753 1462 nec
785 1417 1085 1462 adsertionem
1114 1417 1420 1476 denegandam
1454 1417 1525 1475 iis,

91 1478 170 1536 qui
203 1493 259 1523 ex
294 1479 390 1524 eius
433 1479 557 1524 modi
599 1495 734 1525 causa
775 1481 824 1524 in
865 1480 1120 1524 libertatem
1163 1480 1526 1537 vindicabuntur,

89 1543 224 1600 puto,
279 1556 426 1600 neque
483 1542 629 1601 ipsam
692 1543 949 1588 libertatem
1014 1543 1320 1588 redimendam
1377 1543 1524 1601 pretio

89 1604 422 1650 alimentorum.

644 1672 814 1713 van.
849 1670 976 1725 [XV.]

365 1760 409 1795 C.
429 1762 636 1796 PLINIUS
664 1762 889 1797 TRAIANO
916 1762 1250 1798 ssffERATORI.

185 1843 357 1903 Legato
391 1842 683 1889 Sauromatae
715 1845 855 1904 regis,
888 1860 991 1890 cum
1024 1861 1106 1889 sua
1132 1847 1293 1903 sponte
1318 1844 1527 1904 Nicaeae,
1554 1855 1574 1888 1

91 1906 172 1951 ubi
203 1922 275 1951 me
307 1907 557 1965 invenerat,
590 1907 727 1952 biduo
756 1908 1048 1964 substitisset,
1074 1909 1328 1968 longiorem
1355 1924 1528 1953 moram

90 1969 363 2026 faciendam,
396 1970 594 2028 domine,
619 1986 713 2015 non
738 1971 915 2029 putavi,
940 1972 1136 2029 primum
1166 1972 1286 2030 quod
1307 1972 1528 2016 incertum

93 2032 240 2078 adhuc
273 2035 387 2090 erat,
421 2032 600 2090 quando
642 2034 832 2078 libertus
875 2036 980 2078 tuus
1023 2034 1268 2093 Lycormas
1312 2038 1527 2079 venturus

92 2098 230 2153 esset,
262 2095 420 2140 deinde
454 2096 576 2154 quod
607 2096 704 2154 ipse
736 2096 1054 2155 proficiscebar
1093 2098 1141 2142 in
1174 2097 1396 2142 diversam
1428 2114 1530 2156 pro-

91 2158 265 2203 vinciae
307 2161 481 2217 partem
523 2160 587 2203 ita
629 2159 770 2204 officii
810 2160 1075 2205 necessitate
1121 2161 1339 2220 exigente.
1404 2160 1529 2206 Haec
1555 2170 1577 2203 2

93 2222 142 2266 in
174 2221 383 2266 notitiam
417 2224 542 2266 tuam
581 2222 847 2280 perferenda
878 2223 1152 2281 existimavi,
1185 2224 1291 2282 quja
1323 2225 1528 2282 proxime

194 2338 217 2372 2
245 2335 285 2372 et
304 2334 482 2371 Achaeos
503 2335 556 2379 B,
576 2334 775 2378 Budaeus,
802 2334 873 2371 del.
896 2334 1038 2381 Hard„
1065 2335 1219 2372 Acheos
1239 2335 1291 2382 A,
1317 2335 1390 2373 del.
1412 2336 1464 2373 K.
1479 2337 1532 2374 11

94 2389 130 2422 et
155 2385 292 2431 Merr„
319 2384 410 2421 dein
440 2384 490 2421 ad
518 2384 613 2421 Ach.
643 2396 679 2430 a,
710 2383 805 2433 <et>
835 2384 885 2421 ad
912 2385 1009 2422 Ach.
1032 2386 1170 2423 Muell.
1313 2389 1357 2422 17
1385 2398 1465 2423 11011
1490 2399 1528 2433 a,

92 2435 312 2482 praeterita
340 2435 532 2480 Momms.,
559 2434 786 2471 intermissa
816 2435 879 2472 Or.
888 2449 903 2481 ,·
929 2435 1144 2472 observari:
1173 2436 1241 2473 sed
1267 2436 1375 2473 intra
1402 2449 1434 2474 e.
1455 2449 1528 2485 pr.‚

94 2485 144 2523 de
163 2497 230 2532 qu.
249 2496 379 2532 resen,
406 2486 511 2522 inter
531 2496 630 2531 quas
650 2497 729 2522 non
750 2486 810 2522 est
829 2485 934 2523 Bith.
955 2485 976 2523 ,2
997 2487 1050 2524 K.
1065 2486 1176 2534 prob.
1199 2487 1328 2525 Hard.
1349 2491 1386 2525 et
1405 2488 1527 2526 Merr.

94 2538 143 2572 20
170 2536 211 2573 et
230 2547 306 2584 pro
332 2547 460 2584 neque
483 2535 609 2574 Wilde
629 2547 670 2583 p.
693 2539 754 2573 47.
