1716 2742
499 106 863 144 EPISTULARUM
889 110 1049 143 47—52.
1392 107 1482 152 287

653 225 699 265 L.
737 222 879 277 [mx]

534 313 788 348 TRAIANUS
816 313 1006 347 PLINIO.

147 397 302 455 Potes,
335 397 399 441 mi
431 395 635 441 Secunde
668 395 915 452 carissime,
950 394 1045 439 sine
1079 395 1383 440 sollicitudine
1417 412 1482 440 re·

52 459 259 520 ligionis,
297 459 337 504 si
368 460 459 504 loci
490 459 656 516 positio
689 458 867 502 videtur
897 458 986 502 hoc
1019 458 1289 516 desiderare,
1328 458 1483 503 aedem

9 539 29 566 5
53 521 213 568 Matris
245 522 380 567 deum
412 522 654 566 transferre
688 521 735 564 in
768 536 887 577 eam,
925 536 1040 578 quae
1073 523 1142 565 est
1177 521 1483 566 accommoda·

53 585 162 644 tior;
202 599 286 630 nec
326 587 372 629 te
411 587 608 642 moveat,
652 583 770 641 quod
814 584 888 627 lex
927 583 1221 628 dedicationis
1260 584 1388 628 nulla
1419 599 1484 628 re·

53 648 245 706 peritur,
285 662 387 692 cum
420 648 568 692 solum
601 647 863 705 peregrinae
897 646 1092 690 civitatis
1127 661 1269 704 capax
1301 662 1394 691 non
1427 646 1486 691 sit
1495 653 1522 741 n

53 710 368 768 dedicationiS,
400 725 514 768 quae
547 710 599 754 fit
631 712 786 754 nostro
819 709 926 753 iure.

653 850 721 890 LI.
757 848 885 903 [ΧΠ]

0 951 29 978 ιο
328 941 372 975 C.
393 940 599 975 PLINIUS
627 939 852 974 TRAIANO
879 939 1212 974 IMPERATORI.

147 1023 348 1068 Difficile
368 1026 459 1081 est,
478 1023 678 1079 domine,
698 1023 947 1080 exprimere
967 1022 1133 1076 verbis,
1156 1025 1369 1080 quantam
1389 1038 1486 1080 per·
1515 1037 1529 1070 1

54 1087 250 1145 ceperim
280 1086 522 1144 laetitiam,
562 1085 683 1143 quod
716 1088 761 1129 et
799 1084 912 1129 mihi
945 1087 990 1129 et
1022 1085 1172 1129 socrui
1206 1101 1328 1129 meae
1362 1101 1487 1143 prae-

53 1148 231 1207 stitisti,
271 1151 324 1193 ut
360 1148 555 1193 adfinem
595 1148 689 1192 eius
731 1146 931 1192 Caelium
972 1146 1245 1192 Clementem
1284 1147 1331 1191 in
1370 1148 1488 1192 hanc

53 1211 334 1271 provinciam
371 1211 648 1256 transferres.
713 1210 785 1254 Ex
823 1211 904 1254 illo
945 1211 1065 1255 enim
1106 1209 1189 1269 [et]
1231 1225 1486 1254 mensuram
1513 1225 1534 1257 2

0 1287 28 1316 1⁵
54 1275 261 1320 beneficii
291 1274 360 1319 tui
392 1274 572 1332 penitus
599 1273 836 1332 intellego,
868 1287 969 1317 cum
1002 1276 1096 1317 tam
1129 1274 1309 1330 plenam
1342 1273 1487 1317 indul-

54 1337 252 1397 gentiam
286 1352 388 1382 cum
421 1339 519 1382 tota
545 1336 679 1381 domo
710 1351 811 1380 mea
836 1336 1058 1394 experiar,
1092 1336 1166 1380 cui
1191 1335 1356 1380 referre
1389 1350 1486 1395 gra-

53 1400 164 1445 tiam
202 1415 358 1459 parem
395 1415 452 1444 ne
492 1399 634 1444 audeo
675 1398 877 1456 quidem,
925 1399 1129 1456 quamvis
1176 1398 1369 1442 maxime
1408 1414 1486 1457 po-

53 1478 186 1508 scam.
238 1461 397 1520 Itaque
430 1462 486 1507 ad
512 1465 621 1507 vota
649 1462 864 1521 confugio
898 1461 1094 1518 deosque
1126 1476 1302 1519 precor,
1335 1464 1386 1505 ut
1418 1461 1488 1519 iis,

53 1541 167 1584 quae
199 1525 246 1570 in
279 1541 351 1570 me
383 1525 568 1569 adsidue
595 1525 790 1580 confers,
822 1539 914 1568 non
942 1524 1154 1582 indignus
1182 1524 1422 1568 existimer.

0 1689 27 1716 ‚0
642 1665 730 1706 Ln.
772 1663 896 1718 [Lx]

327 1756 371 1789 C.
394 1755 602 1789 PLINIUS
631 1755 855 1788 TRAIANO
883 1754 1214 1789 IMPERATORI.

146 1837 303 1895 Diem,
326 1838 526 1895 domine,
554 1852 643 1894 quo
666 1836 853 1881 servasti
874 1837 1132 1894 imperium,
1154 1837 1260 1881 dum
1282 1837 1487 1895 suscipis,

55 1903 224 1958 quanta
254 1900 439 1945 mereris
472 1900 665 1956 laetitia,
707 1899 1030 1944 celebravimus
1062 1899 1233 1957 precati
1267 1899 1393 1957 deos,
1435 1903 1486 1943 ut

52 1966 98 2007 te
130 1963 285 2023 generi
316 1963 535 2020 humano,
568 1963 694 2006 cuius
720 1963 863 2006 tutela
895 1964 940 2006 et
966 1962 1180 2007 securitas
1214 1963 1350 2006 saluti
1382 1965 1486 2006 tuae

0 2039 28 2067 25
55 2026 204 2070 innisa
229 2028 317 2083 est,
349 2025 622 2069 incolumem
648 2024 973 2082 florentemque
999 2027 1290 2083 praestarent.
1356 2024 1486 2068 Prae-

52 2088 217 2134 ivimus
250 2090 296 2132 et
328 2087 713 2133 commilitonibus
746 2087 815 2131 ius
848 2087 1086 2132 iurandum
1114 2103 1238 2131 more
1265 2088 1484 2144 sollemni,

53 2151 207 2196 eadem
239 2150 592 2209 provincialibus
626 2153 824 2194 certante
857 2150 1024 2208 pietate
1058 2150 1319 2194 iurantibus.

156 2290 204 2323 14
236 2286 341 2323 enim
376 2287 416 2323 et
440 2286 555 2334 vuly„
593 2286 740 2323 etenim
768 2286 988 2331 Guenther„
1015 2288 1055 2323 et
1082 2286 1153 2322 del.
1182 2297 1220 2330 a,
1248 2286 1315 2330 K„
1342 2285 1486 2330 Βανά,

55 2337 194 2374 Muell.
330 2336 403 2372 17*
430 2347 532 2372 max.
559 2346 719 2383 poscam
746 2347 825 2384 eqo,
851 2336 1022 2372 maxime
1051 2335 1239 2383 (Maximo
1268 2337 1308 2382 a)
1335 2334 1485 2382 possim

54 2387 148 2432 Aa,
180 2397 283 2424 max.
312 2385 479 2423 debeam
508 2385 613 2432 Cat.;
644 2397 695 2423 ne
727 2386 876 2434 gaudio
909 2386 1070 2434 quidem
1104 2385 1284 2432 quamvis
1311 2385 1483 2421 maximo

53 2448 215 2484 possum
229 2437 408 2475 Momm-s.
512 2440 559 2472 27
581 2437 735 2473 certant
749 2437 799 2481 A,
820 2437 997 2474 certante
1013 2437 1206 2481 Momm-9„
1230 2436 1349 2483 vuly„
1369 2436 1418 2481 cf.
1433 2436 1484 2472 ad

60 2487 166 2524 Trai.
182 2490 256 2525 100
276 2489 399 2534 (101),
422 2486 605 2523 certatim
625 2487 820 2533 Beroald„
843 2487 895 2524 K.
911 2488 945 2532 Ι,
967 2486 1015 2532 cf.
1037 2486 1089 2523 ad
1115 2486 1219 2523 Trai.
1237 2486 1318 2523 86b
1333 2487 1433 2532 (18),
1447 2488 1482 2523 2.
