1716 2742
163 434 180 466 1

161 620 181 652 2

159 933 180 965 3

137 113 143 119 ’
211 132 304 177 262
653 128 692 166 c.
719 128 858 165 PLINI
883 128 1037 167 EPIST.
1063 128 1115 166 ix
1142 133 1203 166 40.

883 247 968 288 XL.
1084 251 1114 285 ν.
1191 242 1313 296 ἕνα

595 335 641 371 c,
659 336 867 371 PLINIUS
894 336 1060 371 Fusco
1089 336 1186 371 suo
1215 337 1255 372 S.

306 418 474 463 Scribis
507 420 739 477 pergratas
778 418 863 462 tibi
902 418 1042 464 fuisse
1080 419 1254 464 litteras
1295 435 1436 477 meas,
1479 420 1642 478 quibus

212 481 486 540 cognovisti,
525 496 659 538 quem
694 480 748 525 ad
789 481 974 525 modum
1014 482 1063 525 in
1096 481 1254 527 Tuscis
1282 483 1427 527 otium
1460 483 1642 528 aestatis

211 545 446 603 exigerem.
498 543 730 601 Requiris,
764 544 872 601 quid
907 559 962 588 ex
987 544 1074 588 hoc
1107 545 1156 588 in
1187 544 1464 590 Laurentino
1496 545 1644 590 hieme
1668 560 1686 588 5

211 609 472 664 permutem.
543 605 696 664 Nihil,
734 607 823 651 nisi
866 607 988 664 quod
1026 607 1300 652 meridianus
1340 623 1525 653 somnus
1571 624 1644 652 ex-

210 670 384 726 imitur,
427 670 711 726 multumque
745 669 798 713 de
837 672 970 714 nocte
1009 671 1082 714 vel
1122 672 1226 714 ante
1264 670 1338 715 vel
1379 673 1483 728 post
1525 670 1643 714 diem
1691 726 1693 728 ,

211 732 421 789 sumitur,
454 734 518 789 et,
551 732 589 775 si
622 732 785 791 agendi
818 732 1062 777 necessitas
1096 733 1254 790 instat,
1287 748 1401 791 quae
1433 733 1643 791 frequens

208 795 376 851 hieme,
413 809 508 838 non
540 795 630 838 iam
671 795 887 839 comoedo
921 795 994 839 vel
1024 795 1210 853 lyristae
1250 798 1355 853 post
1391 810 1547 840 cenam
1578 796 1644 840 lo-

210 872 307 914 cus,
341 857 417 901 sed
451 857 548 914 illa,
583 872 695 915 quae
730 858 917 915 dictavi,
956 858 1203 902 identidem
1234 857 1560 916 retractantur,
1592 873 1644 903 ac
1671 872 1707 899 10

209 919 344 964 simul
365 920 608 964 memoriae
628 920 854 978 frequenti
875 920 1188 965 emendatione
1208 921 1456 979 proficitur.
1490 920 1643 965 Habes

208 985 396 1039 aestate,
437 982 585 1027 hieme
618 982 1017 1041 sconsuetudinem3
1059 999 1181 1028 nunc
1226 983 1363 1028 addas
1405 983 1496 1028 huc
1535 983 1644 1028 licet

208 1061 286 1089 ver
338 1047 382 1089 et
434 1047 721 1103 autumnum,
775 1061 888 1104 quae
934 1046 1051 1090 inter
1095 1046 1290 1091 hiemem
1337 1049 1644 1104 aestatemque

208 1106 375 1165 media,
425 1110 477 1151 ut
518 1108 635 1152 nihil
675 1109 728 1152 de
762 1109 832 1153 die
865 1109 1075 1167 perdant,
1128 1109 1182 1153 de
1227 1111 1360 1154 nocte
1403 1109 1643 1167 parvulum

209 1170 465 1228 adquirunt.
531 1169 655 1215 Vale.
1671 1185 1706 1212 15

311 1298 355 1330 11
384 1293 626 1342 prospicitur
652 1295 878 1332 Mommsen.
986 1300 1031 1332 12
1061 1295 1386 1332 consuetudinem
1405 1295 1528 1341 codd,
1548 1295 1645 1342 edd„

210 1346 441 1382 consuetum
467 1344 644 1381 ordinem
672 1344 693 1381 ,9
720 1345 858 1382 Muell.
880 1346 964 1382 coll.
981 1357 1022 1392 p.
1045 1348 1137 1391 259,
1156 1348 1218 1383 28.
1242 1367 1287 1372 ——
1309 1357 1388 1382 non
1415 1345 1542 1382 addas
1567 1345 1646 1382 huc

210 1396 408 1442 Dpras,
427 1406 532 1431 nunc
553 1407 588 1432 a.
602 1394 641 1431 h.
657 1395 709 1431 K.
725 1396 756 1432 I
769 1397 835 1441 (cf.
850 1407 971 1443 supra
978 1407 1019 1443 p.
1036 1399 1122 1441 182,
1136 1398 1190 1442 5),
1212 1395 1337 1432 addas
1351 1395 1429 1432 huc
1450 1396 1537 1443 (del.
1550 1398 1645 1443 non)

210 1458 229 1481 e
255 1446 476 1483 coniectura
509 1445 636 1482 Lectii
669 1445 886 1483 Oasaubon.
913 1450 949 1483 et
980 1458 1027 1483 ex
1060 1446 1329 1483 ‘membranis'
1365 1447 1447 1483 suis
1483 1446 1646 1484 Modius

216 1500 371 1533 novant.
393 1496 473 1532 lect.
495 1499 546 1533 12
570 1495 684 1532 Grut.
706 1495 821 1543 lamp.
842 1496 879 1532 V
888 1507 929 1543 p.
946 1499 1008 1542 40,
1031 1497 1181 1541 eatan„
1209 1496 1261 1533 K.
1277 1497 1339 1542 II,
1365 1495 1532 1544 colligas
1551 1496 1646 1532 hinc

212 1546 403 1591 Momms„
430 1546 455 1594 γ’·
482 1545 573 1582 add.
595 1546 733 1583 Muell.
