1716 2742
231 131 322 176 256
843 125 883 164 0.
910 126 1049 163 PLINI

229 243 422 287 scribere
454 242 682 300 longiores
717 240 932 299 epistulas
965 241 1129 299 nolim,
1168 242 1303 286 velim
1343 243 1512 301 legere,
1550 242 1665 287 illud

229 309 459 362 tamquam
500 304 735 362 delicatus,
773 305 861 348 hoc
899 307 1133 362 tamquam
1173 304 1357 349 otiosus.
1427 303 1559 349 Nihil
1597 307 1666 349 est

230 369 348 412 enim
382 370 458 411 aut
491 367 664 426 pigrius
700 366 902 411 delicatis
937 369 1014 410 aut
1048 366 1268 412 curiosius
1303 367 1473 411 otiosis.
1538 366 1663 412 Vale.

854 483 1049 523 XXXIII.
1101 475 1157 515 724
1179 476 1377 541 ψᾳμᾳ,

594 572 636 607 C.
659 572 866 606 PLINIUS
895 572 1106 606 CANINIO
1135 572 1286 607 SUOS
1694 569 1710 596 ⁵

323 641 464 687 Incidi
508 643 556 686 in
599 642 834 687 materiam
877 658 1048 700 veram,
1092 642 1169 686 sed
1212 642 1491 687 simillimam
1534 642 1666 686 fictae

230 705 502 776 dignamque
536 705 623 749 isto
656 697 925 762 laetissimo,
964 705 1184 751 altissimo
1224 706 1448 763 planeque
1486 705 1665 763 poetico

229 768 432 827 ingenio,
457 767 596 812 incidi
623 770 792 825 autem,
820 768 927 812 dum
956 783 1090 826 super
1117 783 1270 812 cenam
1299 768 1424 812 varia
1450 767 1668 812 miracula

228 831 334 875 hinc
382 830 485 874 inde
533 830 800 875 referuntur.
885 830 1051 889 Magna
1100 830 1274 875 auctori
1314 830 1446 875 fides:
1487 830 1669 875 tametsi

230 893 339 951 quid
372 896 532 951 poetae
566 908 668 938 cum
701 892 820 937 fide?
883 892 928 937 Is
961 896 1113 937 tamen
1146 896 1323 951 auctor,
1356 893 1430 938 cui
1453 893 1566 938 bene
1595 893 1669 937 vel
1697 892 1716 934 1.

228 957 464 1000 historiam
499 956 749 1014 scripturus
784 956 1059 1001 credidisses.
1108 955 1194 1000 Est
1225 956 1274 1000 in
1306 954 1462 1000 Africa
1493 954 1669 1014 Hippo-

230 1019 381 1063 nensis
417 1018 595 1063 colonia
628 1019 742 1062 mari
774 1019 991 1076 proxima.
1058 1018 1247 1063 Adiacet
1285 1018 1542 1078 navigabile
1581 1021 1669 1062 sta-

230 1097 389 1141 gnum:
423 1097 477 1125 ex
509 1081 598 1126 hoc
630 1081 678 1125 in
711 1081 896 1125 modum
930 1081 1130 1125 fluminis
1165 1081 1439 1126 aestuarium
1466 1081 1670 1152 emergit,

231 1145 351 1201 quod
386 1144 481 1188 vice
515 1145 706 1202 81181118,
738 1147 874 1214 prout
914 1147 1062 1188 aestus
1103 1146 1180 1188 aut
1218 1140 1432 1202 repressit
1472 1146 1551 1189 aut
1589 1144 1669 1187 im-

231 1207 367 1265 pulit,
392 1223 513 1251 118118
534 1207 726 1251 infertur
752 1208 885 1265 mari,
910 1222 1032 1251 nunc
1057 1207 1261 1251 redditur
1287 1209 1461 1266 stagno.
1509 1205 1668 1250 Omnis
1698 1221 1713 1247 1

230 1270 306 1314 hic
331 1272 451 1314 aetas
473 1270 691 1327 piscandi,
710 1269 953 1329 navigandi
981 1273 1116 1327 atque
1144 1269 1279 1314 etiam
1305 1269 1492 1313 natandi
1518 1269 1668 1313 studio

232 1335 427 1390 tenetur,
459 1333 654 1376 maxime
688 1333 835 1391 pueri,
869 1347 981 1390 quos
1016 1333 1159 1376 otium
1193 1333 1408 1390 lususque
1443 1331 1670 1376 sollicitat.

232 1395 316 1439 His
366 1395 512 1454 gloria
558 1398 602 1439 et
654 1395 793 1439 virtus
852 1395 1068 1439 altissime
1123 1394 1331 1452 provehi:
1388 1394 1534 1439 victor
1582 1394 1671 1451 ille,

233 1458 308 1515 qui
355 1458 618 1517 longissime
665 1460 716 1501 ut
757 1458 866 1502 litus
919 1458 983 1501 ita
1029 1458 1164 1501 simul
1215 1460 1422 1501 natantes
1473 1456 1669 1515 reliquit.

231 1520 332 1565 Hoc
366 1521 607 1565 certamine
641 1536 753 1578 puer
787 1520 970 1578 quidam
1011 1520 1248 1564 audentior
1281 1520 1439 1565 ceteris
1478 1519 1527 1563 in
1558 1519 1671 1564 ulte·
1698 1534 1714 1560 2

232 1583 352 1627 11018
384 1583 607 1627 tendebat.
674 1582 928 1641 Delphinus
963 1583 1157 1627 occurrit
1191 1586 1235 1627 et
1260 1597 1382 1627 nunc
1407 1581 1672 1640 praecedere

233 1662 445 1703 puerum,
477 1661 598 1691 nunc
632 1646 778 1703 sequi,
811 1661 932 1690 nunc
965 1645 1219 1703 circumire,
1251 1648 1481 1703 postremo
1509 1645 1673 1715 subire,

234 1709 474 1778 deponere,
516 1709 680 1753 iterum
722 1708 871 1752 subire
915 1709 1307 1766 trepidantemque
1347 1707 1544 1766 perferre
1583 1707 1673 1765 pri-

234 1787 357 1815 mum
390 1771 436 1815 in
476 1773 639 1829 altum,
679 1787 785 1815 mox
825 1771 967 1815 flectit
1008 1771 1063 1815 ad
1101 1771 1211 1815 litus
1251 1770 1487 1828 redditque
1526 1772 1672 1814 terrae

235 1836 279 1877 et
313 1834 585 1891 aequalibus.
653 1833 802 1892 Serpit
841 1850 923 1892 per
962 1834 1187 1878 coloniam
1227 1833 1366 1877 fama:
1407 1848 1672 1878 concurrere
1699 1846 1716 1873 2

235 1911 409 1953 01111188,
452 1897 601 1954 ipsum
641 1912 831 1954 puerum
875 1899 1106 1954 tamquam
1153 1896 1419 1940 miraculum
1461 1895 1673 1954 aspicere,

235 1959 531 2017 interrogare,
558 1959 730 2018 audire,
755 1975 948 2004 narrare.
1002 1958 1190 2003 Postero
1218 1957 1289 2003 die
1318 1958 1526 2003 obsident
1551 1957 1674 2015 litus,

235 2024 525 2079 prospectant
558 2038 679 2066 mare
714 2025 758 2066 et
792 2023 830 2066 si
865 2022 972 2080 quid
1013 2025 1082 2066 est
1120 2022 1235 2066 mari
1277 2021 1436 2066 simile.
1500 2019 1674 2065 Natant

234 2084 380 2141 pueri,
413 2085 529 2127 inter
562 2085 643 2128 hos
672 2085 767 2142 ille,
794 2085 871 2129 sed
899 2085 1086 2129 cautius.
1152 2084 1407 2142 Delphinus
1433 2098 1590 2128 rursus
1617 2083 1674 2127 ad

235 2149 432 2232 tempus,
473 2163 627 2191 rursus
672 2148 727 2191 ad
770 2163 972 2205 puerum.
1053 2146 1191 2206 Fugit
1234 2147 1310 2191 ille
1354 2162 1457 2191 cum
1501 2146 1672 2190 ceteris.
1699 2157 1716 2186 s

338 2260 358 2292 9
390 2268 422 2293 v
446 2258 759 2295 1lm.nat.hist.
782 2259 850 2295 IX
871 2261 1005 2295 201—
1038 2258 1187 2294 autoris
1219 2270 1254 2294 a.
1374 2260 1418 2293 12
1450 2256 1608 2293 adiacet
1638 2256 1675 2293 ei

238 2317 325 2343 nav.
353 2319 389 2352 a,
418 2307 539 2344 Merr.
704 2311 750 2344 28
778 2308 931 2345 marino
960 2308 1046 2345 sim.
1074 2309 1171 2345 coni.
1201 2319 1381 2355 anonym.
1411 2307 1551 2344 Philol.
1573 2307 1672 2343 Am.

239 2356 361 2393 XIII
385 2359 459 2394 559
491 2357 557 2403 (cf.
587 2357 748 2405 Quintil.
780 2359 869 2395 inst.
900 2370 953 2396 or.
987 2359 1025 2395 V
1049 2361 1109 2403 10,
1140 2360 1219 2404 61),
1264 2357 1331 2394 sed
1368 2368 1402 2393 v.
1432 2357 1520 2393 edit.
1551 2368 1674 2394 meam

238 2418 275 2443 α.
298 2409 407 2452 1904,
428 2408 607 2454 111187.
711 2411 758 2444 30
786 2408 891 2455 fugit
917 2407 985 2444 ille
1006 2420 1043 2454 a,
1071 2409 1123 2445 K.
1138 2409 1198 2454 II,
1226 2407 1379 2452 Muell„
1407 2407 1542 2452 Meron,
1569 2406 1675 2454 fugit

238 2456 346 2493 venit
371 2468 469 2503 puer
494 2456 599 2504 fugit
626 2457 693 2494 ille
720 2458 762 2495 D
769 2469 816 2504 p,
851 2459 960 2494 venit
986 2458 1053 2495 ille
1080 2458 1186 2505 fugit
1211 2467 1282 2502 νς,
1315 2456 1435 2494 venit.
1460 2456 1581 2505 Fugit
1606 2455 1674 2493 ille

241 2507 344 2552 K.I,
371 2519 404 2544 v.
426 2507 522 2554 disp.
545 2509 599 2544 II
619 2510 679 2545 23.
