1716 2742
191 129 282 174 286
640 125 679 162 C.
707 124 844 161 PLINI
870 123 935 160 ET
963 122 1176 160 TRAIANI

141 254 162 286 2
192 242 377 286 arbitrio
425 256 505 286 suo
552 255 647 284 rem
724 239 920 283 ublicam
963 237 1286 282 administrare.
1352 236 1517 296 Exegi,
1557 240 1622 295 ut,

192 319 306 362 quae
333 300 541 348 dicebant
563 316 765 360 quaeque
791 301 1058 358 recitabant,
1090 299 1246 344 libello
1274 300 1621 358 complecteren-

191 371 283 424 tur3
317 381 450 424 quem
483 365 587 422 tibi,
621 365 799 422 qualem
833 378 1112 421 acceperam,
1153 362 1276 419 misi,
1316 362 1522 420 quamvis
1556 362 1621 406 in-

191 430 449 487 tellegerem
481 428 695 486 pleraque
735 442 790 471 ex
829 427 908 471 illo
950 426 1006 470 ad
1045 425 1115 483 id,
1156 425 1210 469 de
1250 440 1340 495 quo
1381 425 1624 483 quaeritur,

142 504 163 536 3
191 507 284 536 non
328 491 562 548 pertinere.
629 489 692 534 Te
743 504 874 548 rogo,
927 491 977 532 ut
1023 459 1134 532 milii
1186 487 1358 545 praeire
1411 487 1623 558 digneris,
1649 501 1667 528 5

192 554 299 611 quid
343 569 412 597 me
458 555 589 611 putes
634 552 871 597 observare
917 551 1091 595 debere.
1168 550 1340 595 Vereor
1385 550 1524 608 enim,
1567 566 1624 594 ne

192 619 270 660 aut
320 616 561 661 excessisse
614 618 692 659 aut
743 630 836 658 non
888 614 1097 671 implesse
1151 613 1291 657 officii
1343 613 1431 657 mei
1473 615 1623 691 partes

191 678 353 723 videar.

706 743 896 783 XLVIII.
941 741 991 795 [1
994 741 1107 794 VIL]

672 833 926 867 TRAIANUS
955 832 1145 866 PLINIO.
1654 839 1690 866 10

145 917 162 948 1
285 904 486 949 Libellus
508 903 864 962 Apamenorum,
886 917 1020 960 quem
1040 902 1260 959 epistulae
1280 904 1384 945 tuae
1405 900 1625 958 iunxeras,

192 968 365 1013 remisit
403 967 516 1011 mihi
554 966 867 1011 necessitatem
906 964 1230 1023 perpendendi,
1273 963 1425 1021 qualia
1464 966 1626 1020 essent,

192 1033 378 1088 propter
421 1045 534 1087 quae
580 1029 722 1073 videri
766 1029 928 1073 volunt
973 1043 1069 1084 eos,
1115 1027 1193 1084 qui
1235 1042 1318 1084 pro
1366 1026 1625 1071 consulibus

193 1094 310 1138 hanc
342 1092 622 1151 provinciam
656 1091 950 1136 obtinuerunt
957 1125 970 1148 ,
1002 1089 1271 1134 abstinuisse
1298 1088 1626 1147 inspectatione

193 1156 420 1200 rationum
463 1170 662 1212 suarum,
706 1170 828 1210 cum,
876 1154 972 1211 ipse
1015 1156 1066 1197 ut
1108 1168 1181 1198 eas
1224 1151 1486 1210 inspiceres,
1534 1166 1627 1196 non
1655 1164 1690 1192 15

146 1230 165 1262 2
193 1217 507 1263 recusaverint.
574 1217 918 1262 Remuneranda
950 1218 1018 1260 est
1050 1215 1191 1274 igitur
1222 1214 1426 1273 probitas
1459 1229 1628 1271 eorum,

194 1285 245 1326 ut
277 1281 367 1325 iam
399 1295 519 1325 nunc
553 1280 696 1325 sciant
727 1280 833 1336 hoc,
867 1278 989 1336 quod
1020 1277 1304 1336 inspecturus
1337 1293 1402 1334 es,
1443 1292 1498 1321 ex
1529 1292 1630 1320 mea

194 1344 426 1388 voluntate
454 1343 608 1400 salvis,
643 1358 757 1400 quae
784 1342 970 1396 habent,
1003 1340 1252 1399 privilegiis
1274 1354 1370 1384 esse
1390 1339 1626 1384 facturum.

723 1459 866 1498 XLIX.
910 1455 1100 1510 [LVIII]

470 1551 512 1583 (“.
534 1549 739 1582 PLINIUS
767 1547 991 1581 TRAIANO
1020 1545 1353 1580 IMPERATORI.
1658 1553 1695 1581 20

152 1633 167 1665 1
292 1620 410 1664 Ante
431 1620 673 1663 adventum
694 1633 863 1675 meum,
884 1617 1084 1674 domine,
1110 1615 1460 1661 Nicomedenses
1487 1614 1630 1672 priori

197 1683 297 1726 foro
318 1698 486 1726 novum
508 1681 680 1726 adicere
702 1682 965 1738 coeperunt,
1000 1679 1126 1723 cuius
1154 1679 1202 1722 in
1222 1678 1389 1737 angulo
1411 1680 1480 1722 est
1499 1676 1628 1722 aedes

198 1745 501 1789 vetustissima
543 1743 701 1788 Matris
735 1743 925 1802 Magnae
968 1745 1046 1786 aut
1087 1740 1327 1786 reficienda
1369 1743 1447 1784 aut
1487 1742 1630 1784 trans-

198 1808 380 1852 ferenda
413 1808 471 1851 ob
505 1808 592 1851 hoc
630 1806 888 1864 praecipue,
930 1805 1052 1863 quod
1091 1807 1160 1849 est
1198 1803 1343 1847 multo
1377 1802 1630 1861 depressior

149 1884 170 1916 2
200 1886 333 1928 opere
368 1885 440 1926 eo,
474 1870 593 1926 quod
628 1885 728 1914 cum
763 1868 956 1913 maxime
990 1867 1146 1926 surgit.
1212 1866 1312 1924 Ego
1353 1881 1455 1909 cum
1498 1880 1630 1923 quae·
1657 1877 1692 1905 25

198 1948 355 1987 rerem,
387 1948 495 1976 num
518 1934 633 1976 esset
661 1932 812 1989 aliqua
831 1931 905 1975 lex
926 1930 1046 1975 dicta
1066 1928 1249 1986 templo,
1277 1928 1472 1987 cognovi
1492 1927 1630 1972 alium

198 1996 293 2052 hic,
325 1995 463 2039 alium
497 1995 615 2052 apud
649 2010 731 2039 nos
766 2009 861 2038 esse
895 2008 1066 2038 morem
1099 1990 1404 2036 dedicationis.
1448 1989 1631 2048 Dispice

200 2073 324 2116 ergo,
359 2058 556 2113 domine,
589 2073 646 2101 an
679 2059 810 2115 putes
845 2057 1019 2113 aedem,
1053 2055 1127 2100 cui
1152 2055 1278 2098 nulla
1304 2054 1379 2097 lex
1405 2053 1526 2098 dicta
1552 2055 1631 2108 est,

201 2121 325 2165 salva
369 2120 586 2190 religione
632 2134 763 2176 posse
809 2118 1062 2175 transferri3
1108 2117 1279 2173 alioqui
1325 2115 1631 2160 commodissi-
1710 2159 1711 2162 ,

202 2199 324 2226 11111111
358 2185 443 2238 est,
478 2182 515 2225 si
547 2181 705 2240 religio
739 2198 832 2225 non
866 2180 1065 2239 impedit.
1658 2186 1716 2238 8⁰]

304 2309 322 2341 1
352 2304 657 2341 administrandi
682 2304 702 2341 .9
729 2304 855 2342 Wilde
877 2316 920 2351 p.
943 2307 1005 2350 61,
1035 2304 1126 2341 adn.
1149 2307 1184 2339 6.
1306 2306 1328 2339 5
1357 2299 1509 2348 praeire
1537 2300 1627 2346 Ba,

202 2355 344 2400 Hamd„
372 2354 600 2402 praecipere
627 2355 678 2400 A,
703 2355 769 2400 K.,
794 2355 930 2391 Muell.
1040 2353 1111 2390 14*
1137 2354 1249 2391 velim
1275 2352 1395 2388 istam
1416 2361 1492 2397 pro
1517 2349 1632 2394 hanc,

202 2406 251 2452 cf.
278 2405 331 2443 ad
357 2416 401 2452 p.
431 2407 516 2450 102,
546 2408 570 2442 7
605 2409 640 2442 et
671 2416 709 2452 p.
738 2407 830 2450 279,
865 2407 911 2450 3,·
943 2406 1032 2449 280,
1069 2406 1115 2448 5,
1145 2405 1235 2448 284,
1264 2405 1312 2439 13
1345 2401 1410 2446 al„
1451 2400 1516 2437 sed
1547 2399 1634 2437 vide

202 2456 255 2493 ad
279 2456 384 2493 Trai.
408 2458 482 2492 117
502 2456 624 2501 (118).
731 2457 776 2490 15
804 2454 889 2501 ipse
914 2455 961 2490 ut
984 2454 1036 2499 A,
1058 2454 1123 2498 K,
1148 2452 1290 2498 Hard„
1311 2451 1443 2498 ipsum
1470 2451 1511 2487 te
1530 2450 1576 2486 ut
1597 2461 1633 2494 α,

202 2508 246 2542 tu
272 2505 358 2553 ipse
385 2504 594 2551 quominus
621 2504 641 2540 ,9
669 2505 805 2542 Muell.
835 2515 943 2541 cruce
970 2504 1118 2540 addzta.

1705 2390 1716 2640 Ξ

1699 2643 1716 2742 l
