1630 2678
452 171 811 210 EPISTULARUM
835 173 868 209 V
895 176 1028 210 8—10.
1353 175 1439 221 133

0 238 304 338 {admonebat
330 299 432 330 reos
464 287 751 329 executurum
782 300 848 342 se,
881 300 992 343 quae
1024 288 1202 329 senatus
1235 287 1438 330 consulto

0 339 380 403 {confi-nentur.
443 345 635 390 Suberat
665 346 809 390 edicto
842 349 1018 391 senatus
1050 347 1302 390 consultum
1334 348 1439 392 hoc:
1465 359 1488 392 4

0 427 2 439 ·
37 420 207 464 omna,
234 407 314 466 qui
345 407 453 464 quid
483 408 653 465 negotii
684 407 909 464 haberent,
948 409 1111 463 iurare,
1150 408 1272 464 prius
1305 423 1438 466 quam

35 470 231 529 mk,
258 468 525 513 iubebantur
554 468 668 512 nihil
700 484 746 513 se
778 470 836 513 ob
868 469 1201 513 advocationem
1233 470 1439 527 cuiquam

0 517 221 601 {dodim
250 530 520 587 promisisse,
551 530 728 574 cavisse.
792 529 875 574 His
901 531 1019 574 enim
1057 531 1203 574 verbis
1234 545 1287 575 ac
1318 531 1438 574 mille

0 594 263 698 §Fadana
302 594 349 635 et
389 591 539 635 venire
586 591 896 635 advocationes
945 595 990 635 et
1030 592 1116 635 emi
1164 592 1438 636 vetabantur.

11 653 16 659 ’
72 652 231 698 eruatis
262 655 408 696 tamen
448 653 639 710 negotiis
677 653 1014 709 permittebatur
1050 653 1283 709 pecuniam
1316 653 1439 697 dum·

0 746 3 751 ·
35 715 163 759 tant
191 713 343 758 decem
374 714 549 757 milium
582 713 695 757 dare.
759 713 859 758 Hoc
884 714 1004 758 facto
1030 713 1218 771 Nepotis
1246 729 1439 758 commo·
1464 725 1487 758 5

34 777 111 820 tu·
127 777 321 832 praetor,
339 775 416 831 qui
436 774 825 819 centumviralibus
846 775 1078 831 praesidet,
1106 775 1440 831 deliberaturus,

0 852 14 883 '
36 851 115 942 ᾗ
126 850 314 941 ”Q
292 840 359 940 Em*
339 851 357 880 [¹
403 836 1439 955 ᾅῖἰωξῖῗῗῖέωωοῃῗξὲῗεᾛὲῗὲῖηοῗὲῗξῑιῖῗ,
1465 908 1487 941 ⁶

35 957 254 1003 laudatur.
322 957 479 1002 Multi:
530 957 803 1002 ‘Invenimus
810 993 823 1014 ‚
874 959 952 1015 qui
1003 973 1137 1002 curva
1187 960 1438 1017 corrigeret.

37 1017 184 1072 Quid?
220 1021 322 1064 ante
359 1019 479 1063 hunc
516 1023 739 1077 praetores
776 1035 869 1063 non
906 1019 1114 1064 fuerunt?
1160 1021 1258 1076 quis
1291 1023 1437 1064 autem

0 1131 5 1139 ,
34 1080 111 1125 hio
146 1082 232 1137 est,
272 1080 351 1137 qui
389 1080 590 1124 emendet
627 1081 831 1138 publicos
874 1081 1071 1125 mores‘P
1139 1080 1231 1124 Alii
1265 1085 1438 1125 contra:

37 1139 320 1187 ‘Rectissime
356 1141 482 1198 fecit3
524 1142 714 1186 initurus
746 1142 1054 1200 magistratum
1087 1142 1184 1185 iura
1214 1143 1439 1200 cognovit,

15 1204 213 1259 v..allatus
244 1203 449 1248 consulta
483 1203 613 1261 legit,
649 1204 853 1260 reprimit
890 1203 1166 1247 foedissimas
1198 1204 1439 1260 pactiones,

33 1278 128 1309 rem
146 1263 488 1322 pulcherrimam
508 1265 764 1322 turpissime
782 1265 932 1308 venire
951 1280 1042 1308 non
1068 1265 1263 1322 patitur.'
1310 1265 1437 1308 Tales
1465 1275 1486 1308 7

12 1324 200 1383 ‘ubique
231 1340 474 1382 sermones3
515 1326 591 1382 qui
623 1329 773 1370 tamen
805 1326 1062 1369 alterutram
1103 1326 1149 1369 in
1181 1329 1352 1382 partem
1384 1341 1439 1369 ex

33 1388 195 1431 eventu
231 1386 561 1444 praevalebunt.
625 1387 707 1430 Est
749 1388 930 1430 omnino
972 1388 1195 1443 iniquum,
1237 1387 1311 1430 sed
1354 1402 1438 1430 usu

34 1450 275 1505 receptum,
305 1447 425 1504 quod
449 1448 635 1492 honesta
667 1448 852 1492 consilia
878 1449 948 1491 vel
973 1449 1134 1504 turpia,
1164 1451 1299 1504 prout
1325 1449 1438 1491 male

13 1510 114 1553 taut
142 1522 352 1566 prospere
384 1509 564 1566 cedunt,
603 1510 666 1552 ita
704 1510 775 1553 vel
814 1509 1059 1566 probantur
1096 1509 1167 1552 vel
1207 1510 1438 1566 reprehen-

23 1568 213 1615 duntur.
271 1568 381 1614 Inde
405 1571 664 1628 plerumque
690 1570 840 1614 eadem
867 1570 985 1613 facta
1011 1570 1142 1614 modo
1169 1570 1437 1628 diligentiae,

34 1630 167 1675 modo
199 1631 427 1687 vanitatis,
464 1631 596 1675 modo
628 1632 867 1686 libertatis,
907 1631 1039 1674 modo
1080 1631 1242 1675 furoris
1275 1647 1438 1676 nomen

4 1694 14 1715 ⁵
35 1691 271 1750 accipiunt.
335 1692 475 1736 Valet·

0 1791 12 1823 ι
645 1781 693 1820 x.
729 1776 836 1834 [XL]
860 1770 983 1817 5⁶«ss
1002 1779 1147 1845 ...Ι-ι
1179 1768 1403 1845 (fam)

195 1866 239 1901 C.
258 1866 460 1901 PLINIUS
487 1867 737 1901 SUETONIO
765 1867 1087 1909 TRANQUILLO
1115 1868 1210 1902 SUO
1239 1869 1277 1902 S.

127 1944 286 1990 Libera
323 1946 501 1989 tandem
543 1946 1010 2003 hendecasyllaborum
1049 1962 1247 1991 meorum
1289 1947 1435 2003 fidem,
1465 1959 1483 1992 1

35 2006 114 2064 qui
169 2007 333 2064 scripta
382 2010 460 2050 tua
520 2008 825 2051 communibus
878 2009 1030 2053 amicis
1092 2008 1435 2066 spoponderunt.

0 2094 11 2114 ε
35 2067 332 2126 Appellantur
372 2067 552 2124 cotidie,
598 2068 918 2127 efflagitantur,
962 2084 1013 2114 ac
1058 2070 1143 2113 iam
1191 2069 1435 2126 periculum

0 2123 115 2229 fest,
157 2144 214 2173 ne
258 2132 475 2187 cogantur
518 2129 573 2172 ad
611 2130 906 2173 exhibendum
948 2130 1184 2174 formulam
1227 2130 1435 2187 accipere.

133 2252 156 2286 8
181 2259 260 2286 sen.
282 2259 385 2285 cons.
406 2249 494 2285 hoc:
523 2260 654 2286 omnes
676 2250 823 2295 Muell„
847 2261 925 2287 sen.
953 2262 1072 2287 cons:
1101 2250 1173 2286 hoc
1200 2261 1331 2286 omnes
1357 2250 1434 2286 rell.

34 2297 83 2326 -2-
215 2297 433 2335 consultum
460 2299 502 2334 in
530 2298 579 2334 M
602 2298 742 2335 lacuna
767 2300 882 2336 trium
906 2302 983 2343 sere
1010 2311 1192 2336 versuum.
1319 2303 1341 2334 3
1368 2299 1434 2344 qui

33 2346 103 2394 qui
155 2346 303 2395 negotii
329 2346 518 2383 haberent
537 2359 574 2390 a,
596 2346 646 2383 K.
667 2347 718 2383 ΙΙ
733 2347 846 2395 (disp.
868 2349 920 2385 11
935 2351 1013 2394 12),
1040 2347 1215 2394 quisquis
1234 2346 1435 2394 negotium

0 2393 197 2436 ‚³th
221 2395 346 2443 Dpr,
372 2396 423 2432 K.
440 2397 471 2432 Ι.
573 2399 594 2431 9
620 2396 815 2442 praesidet
842 2397 917 2443 Dp
928 2410 996 2441 ra,
1023 2396 1267 2443 praesidebat
1288 2397 1348 2441 M,
1373 2396 1437 2433 sed

0 2442 8 2484 ἶ
34 2442 84 2490 σῇ
98 2453 141 2492 2.
155 2445 241 2491 132,
259 2456 292 2482 v.
309 2447 368 2482 31.
472 2448 516 2480 12
543 2445 591 2489 cf.
606 2444 691 2483 Sen.
711 2456 814 2492 apoc.
830 2449 866 2489 8,
892 2447 941 2482 al.
964 2446 1067 2491 (Otto
1082 2446 1260 2491 Sprichw.
1276 2456 1316 2491 p.
1334 2447 1434 2490 103).

0 2489 84 2678 {8⁹
102 2489 367 2541 efflagitatur
382 2494 442 2538 M,
462 2494 607 2541 Stanql,
630 2494 776 2538 Muell„
796 2496 835 2531 et
849 2494 975 2541 effiag.
992 2503 1027 2539 ς,
1041 2496 1079 2531 et
1093 2494 1180 2541 flag.
1202 2494 1242 2530 D
1250 2505 1360 2541 pra,
1383 2494 1434 2531 K.
