1624 2678
146 152 230 195 172
734 146 771 183 C.
799 145 934 182 PLINI

142 265 263 318 parte
302 276 425 304 veros
459 275 550 303 esse
583 258 830 313 constabat,
873 273 926 300 ex
964 259 1088 314 parte
1125 257 1227 301 falsi
1265 256 1533 301 dicebantur.

93 334 113 366 8
142 322 527 366 Substituebantur
577 319 749 363 crimini
802 318 1087 374 Sempronius
1140 317 1342 375 Senecio,
1400 333 1533 374 eques

141 383 362 426 Romanus
370 416 380 437 ,
402 385 444 424 et
464 381 757 438 Eurythmus,
779 379 974 423 Caesaris
994 379 1179 423 libertus
1199 382 1244 423 et
1262 382 1534 437 procurator.

140 443 347 498 Heredes,
404 457 503 486 cum
556 441 714 485 Caesar
765 444 880 484 esset
936 441 983 483 in
1028 439 1183 497 Dacia,
1240 441 1535 484 communiter

139 505 325 560 epistula
366 504 529 560 scripta
570 503 803 559 petierant,
846 504 896 545 ut
937 502 1180 558 susciperet
1220 502 1532 558 cognitionem.

91 579 110 607 ει
140 565 407 621 Susceperat.
471 563 687 607 Reversus
727 563 841 606 diem
882 563 1059 606 dederat
1091 565 1151 619 et,
1194 577 1295 607 cum
1327 578 1383 606 ex
1412 562 1534 606 here-

66 880 109 912 10

65 1063 106 1095 11

65 1306 107 1338 12

64 1671 107 1702 13

138 626 263 669 dibus
305 625 481 682 quidam
534 625 660 681 quasi
707 624 951 668 reverentia
994 623 1233 680 Eurythmi
1281 623 1536 668 omitterent

136 687 470 742 accusationem,
501 686 793 743 pulcherrime
827 685 1014 728 dixerat:
1048 684 1163 729 ‘Nec
1191 685 1268 728 ille
1288 683 1534 742 Polyclitus

137 750 202 791 est
238 762 319 791 nec
351 763 432 805 ego
465 746 619 791 Nero'.
683 745 931 790 Indulserat
962 749 1111 789 tamen
1142 745 1396 803 petentibus
1428 746 1535 790 dila-

135 809 316 864 tionem,
375 809 497 852 cuius
543 811 739 872 tempore
784 810 937 851 exacto
991 807 1248 851 consederat
1291 807 1533 851 auditurus.

137 870 176 912 A
207 873 332 926 parte
366 869 573 913 heredum
606 870 878 912 intraverunt
912 869 999 912 duo
1034 869 1234 926 omnino3
1284 869 1534 926 postulave-

134 934 253 984 runt,
316 933 396 973 aut
452 945 602 974 omnes
659 930 838 973 heredes
895 945 1024 987 agere
1087 932 1369 989 cogerentur,
1433 944 1534 974 cum

135 991 393 1035 detulissent
425 1006 594 1048 omnes,
633 994 709 1034 aut
741 991 825 1035 sibi
858 1006 1034 1048 quoque
1067 991 1274 1035 desistere
1311 991 1535 1048 permitte-

135 1055 266 1096 retur.
330 1052 524 1096 Locutus
566 1055 632 1095 est
675 1051 831 1096 Caesar
872 1067 1044 1096 summa
1085 1053 1322 1110 gravitate,
1362 1066 1535 1096 summa

136 1114 452 1170 moderatione,
478 1128 664 1169 cumque
691 1113 928 1157 advocatus
951 1112 1204 1158 Senecionis
1231 1116 1276 1157 et
1294 1113 1533 1170 Eurythmi

136 1175 316 1218 dixisset
361 1174 683 1231 suspicionibus
735 1175 924 1231 relinqui
969 1190 1087 1231 reos,
1136 1174 1223 1218 nisi
1264 1174 1534 1230 audirentur,

136 1235 262 1279 ‘Non
290 1235 417 1278 curo'
448 1236 612 1292 inquit,
645 1235 722 1278 ‘an
754 1236 829 1279 isti
860 1236 1186 1293 suspicionibus
1214 1235 1533 1292 relinquantur,

136 1311 218 1354 ego
251 1296 508 1352 relinquor'.
560 1296 674 1339 Dein
700 1312 936 1340 conversus
969 1298 1023 1340 ad
1056 1311 1156 1340 nos:
1195 1297 1534 1354 ”Επιστήσατε,

135 1357 242 1413 quid
278 1357 419 1400 facere
460 1357 712 1414 debeamus;
754 1358 828 1401 isti
868 1359 986 1402 enim
1029 1359 1153 1415 queri
1196 1358 1371 1415 volunt,
1413 1357 1533 1415 quod

134 1418 223 1461 illis
253 1418 429 1462 licuerit
459 1433 549 1462 non
581 1419 811 1462 accusare.’
881 1419 993 1462 Tum
1029 1435 1082 1463 ex
1115 1419 1290 1463 consilii
1316 1419 1534 1463 sententia

136 1479 264 1522 iussit
295 1479 541 1522 denuntiari
579 1479 812 1523 heredibus
854 1480 1079 1536 omnibus,
1121 1484 1198 1524 aut
1235 1483 1418 1539 agerent
1455 1483 1534 1524 aut

136 1540 300 1597 singuli
332 1540 624 1596 adprobarent
656 1556 808 1585 causas
841 1557 931 1585 non
965 1542 1142 1599 agendi3
1183 1541 1352 1598 alioqui
1385 1557 1429 1585 se
1461 1542 1533 1584 vel

137 1600 188 1643 de
221 1601 439 1643 calumnia
471 1603 870 1657 pronuntiaturum.

227 1660 381 1717 Vides,
414 1678 545 1717 quam
565 1662 757 1719 honesti,
784 1679 915 1720 quam
938 1664 1077 1707 severi
1103 1663 1215 1720 dies3
1247 1678 1358 1720 quos
1380 1663 1530 1707 iucun-

135 1721 339 1765 dissimae
384 1724 661 1767 remissiones
714 1726 1021 1781 sequebantur.
1084 1723 1417 1768 Adhibebamur
1461 1739 1531 1768 co-

134 1782 241 1826 tidie
267 1797 416 1838 cenae3
448 1788 540 1826 erat
565 1785 755 1841 modica,
781 1787 818 1829 si
843 1787 1089 1843 principem
1116 1786 1344 1844 cogitares.
1395 1783 1531 1829 Inter-

135 1843 239 1886 dum
285 1847 532 1887 acroamata
576 1846 878 1902 audiebamus,
935 1847 1156 1890 interdum
1202 1846 1530 1890 iucundissimis

233 1979 254 2009 6
281 1975 382 2010 diem
409 1976 558 2012 dixerat
584 1977 741 2022 Dpra,
772 1978 864 2014 Otto.
1007 1983 1048 2014 11
1079 1979 1154 2015 duo
1182 1979 1357 2015 omnino:
1385 1979 1528 2025 postul.

135 2024 187 2059 K.
209 2024 266 2067 11,
287 2023 380 2067 du03
408 2036 506 2059 omn.
527 2027 625 2070 post.
648 2027 697 2062 K.
720 2028 753 2062 Ι.
843 2031 887 2062 12
916 2029 984 2063 aut
1005 2029 1054 2064 K.
1077 2029 1136 2074 II,
1156 2029 1203 2074 cf.
1224 2029 1333 2073 infra
1352 2028 1404 2064 ad
1422 2039 1454 2064 v.
1468 2030 1530 2072 21,

133 2073 178 2107 ut
204 2072 244 2107 D
250 2082 365 2117 pas,
391 2084 460 2108 om.
483 2075 533 2109 M
540 2086 572 2118 r,
598 2075 642 2109 ut
668 2076 733 2109 aut
754 2076 887 2112 Muell.
991 2080 1036 2112 18
1064 2077 1155 2113 dein
1175 2077 1271 2122 Ma,
1296 2077 1362 2121 K„
1388 2076 1529 2112 deinde

135 2121 252 2166 Dpr,
283 2122 331 2164 cf.
358 2133 474 2167 supra
500 2123 551 2158 ad
576 2126 637 2166 20,
668 2126 724 2159 12.
754 2145 798 2149 ἡ
832 2123 1072 2171 ἐπιστήσατλι
1100 2127 1160 2170 Μ,
1192 2122 1410 2170 ἐνιστήσατε
1435 2125 1530 2169 DS,

134 2169 324 2213 Beroahi„
363 2171 492 2216 Pomp.
530 2172 648 2215 Laet.,
685 2170 942 2218 καταστήσατε
978 2175 1034 2219 B,
1071 2175 1218 2219 Catan„
1251 2171 1460 2210 ἐπίστασθε
1492 2185 1528 2218 α,

134 2218 181 2262 cf.
204 2217 327 2254 Wilde
349 2230 387 2263 p.
411 2222 482 2254 116
506 2231 580 2265 sqq.
706 2224 749 2255 19
778 2222 885 2266 queri
911 2223 1046 2258 volunt
1072 2224 1231 2269 Dpra,
1261 2223 1313 2258 K.
1333 2223 1369 2267 I,
1395 2223 1529 2268 quaeri

133 2265 268 2302 volunt
283 2267 341 2310 M,
358 2268 491 2312 quaeri
505 2268 641 2304 nolunt
654 2270 701 2304 Κ.
719 2271 771 2305 ΙΙ
780 2270 890 2316 (disp.
905 2274 944 2307 ΙΙ
952 2283 990 2317 p.
1005 2275 1082 2315 13),
1098 2272 1232 2308 Muell.
1333 2270 1407 2306 20·
1426 2271 1529 2317 quod

135 2314 209 2350 sibi
241 2313 393 2350 licuerit
426 2327 501 2351 non
532 2328 612 2359 acc.
641 2318 756 2359 codd„
782 2319 893 2365 vuly„
926 2332 988 2365 qu.
1023 2319 1098 2356 sibi
1130 2331 1206 2356 non
1238 2320 1300 2356 lic.
1333 2331 1421 2355 non.
1449 2331 1526 2359 acc.

137 2363 300 2407 Gesner„
333 2375 394 2409 qu.
424 2364 497 2399 sibi
523 2377 599 2401 non
625 2366 686 2402 lic.
714 2378 790 2402 ace.
819 2368 1017 2414 Schaefer.,
1051 2370 1198 2413 Muell„
1231 2368 1334 2414 quod
1361 2367 1439 2404 illis
1463 2368 1526 2404 lic.

134 2423 210 2448 non
230 2423 308 2448 acc.
330 2423 404 2459 eqo,
431 2415 477 2457 ef.
499 2415 695 2451 editionem
721 2427 838 2452 meam
859 2429 893 2452 α.
917 2421 1024 2462 1904,
1046 2419 1096 2454 ΙΙ
1106 2430 1147 2464 p.
1168 2420 1217 2454 66
1234 2429 1286 2464 sq.
1388 2421 1433 2453 21
1461 2418 1529 2453 aut

135 2471 196 2507 ag.
224 2461 379 2505 Drsa,
406 2464 450 2496 ut
476 2473 535 2508 ag.
559 2465 650 2509 Mp.

1561 517 1577 544 5

1561 819 1597 846 1⁰

1560 1131 1595 1159 15

1559 1435 1595 1462 20

1557 1739 1593 1766 25
