<?xml version="1.0" encoding="UTF-8"?>
<!DOCTYPE html PUBLIC "-//W3C//DTD XHTML 1.0 Transitional//EN"
    "http://www.w3.org/TR/xhtml1/DTD/xhtml1-transitional.dtd">
<html xmlns="http://www.w3.org/1999/xhtml" xml:lang="en" lang="en">
 <head>
  <title>
</title>
<meta http-equiv="Content-Type" content="text/html;charset=utf-8" />
  <meta name='ocr-system' content='tesseract 3.04.00' />
  <meta name='ocr-capabilities' content='ocr_page ocr_carea ocr_par ocr_line ocrx_word'/>
</head>
<body>
  <div class='ocr_page' id='page_1' title='image "./epistularumlibr00plin_0411.png"; bbox 0 0 1716 2742; ppageno 0'>
   <div class='ocr_carea' id='block_1_1' title="bbox 45 797 82 826">
    <p class='ocr_par' dir='ltr' id='par_1_1' title="bbox 45 797 82 826">
     <span class='ocr_line' id='line_1_1' title="bbox 45 797 82 826; baseline 0.027 -1"><span class='ocrx_word' id='word_1_1' title='bbox 45 797 82 826; x_wconf 79' lang='lat'><strong>1⁰</strong></span> 
     </span>
    </p>
   </div>
   <div class='ocr_carea' id='block_1_2' title="bbox 43 1113 80 1142">
    <p class='ocr_par' dir='ltr' id='par_1_2' title="bbox 43 1113 80 1142">
     <span class='ocr_line' id='line_1_2' title="bbox 43 1113 80 1142; baseline 0 0"><span class='ocrx_word' id='word_1_2' title='bbox 43 1113 80 1142; x_wconf 72' lang='lat'><strong>1⁶</strong></span> 
     </span>
    </p>
   </div>
   <div class='ocr_carea' id='block_1_3' title="bbox 494 100 1534 149">
    <p class='ocr_par' dir='ltr' id='par_1_3' title="bbox 494 100 1534 149">
     <span class='ocr_line' id='line_1_3' title="bbox 494 100 1534 149; baseline 0.011 -11"><span class='ocrx_word' id='word_1_3' title='bbox 494 100 852 140; x_wconf 78' lang='lat' dir='ltr'><strong>PANEGYRICUS</strong></span> <span class='ocrx_word' id='word_1_4' title='bbox 881 106 940 149; x_wconf 80' lang='lat'><strong>83,</strong></span> <span class='ocrx_word' id='word_1_5' title='bbox 953 113 972 140; x_wconf 78' lang='lat'>4</span> <span class='ocrx_word' id='word_1_6' title='bbox 986 125 1031 130; x_wconf 85' lang='lat'><em>-</em></span> <span class='ocrx_word' id='word_1_7' title='bbox 1048 105 1107 149; x_wconf 83' lang='lat'><strong>85,</strong></span> <span class='ocrx_word' id='word_1_8' title='bbox 1121 113 1150 140; x_wconf 80' lang='lat'><strong>4.</strong></span> <span class='ocrx_word' id='word_1_9' title='bbox 1443 101 1534 148; x_wconf 86' lang='lat'><strong>395</strong></span> 
     </span>
    </p>
   </div>
   <div class='ocr_carea' id='block_1_4' title="bbox 103 214 1608 2104">
    <p class='ocr_par' dir='ltr' id='par_1_4' title="bbox 105 214 1585 1347">
     <span class='ocr_line' id='line_1_4' title="bbox 110 214 1584 276; baseline 0.001 -15"><span class='ocrx_word' id='word_1_10' title='bbox 110 214 374 276; x_wconf 87' lang='lat' dir='ltr'><strong>Suspiciunt</strong></span> <span class='ocrx_word' id='word_1_11' title='bbox 392 217 604 276; x_wconf 86' lang='lat' dir='ltr'><strong>invicem,</strong></span> <span class='ocrx_word' id='word_1_12' title='bbox 637 218 830 263; x_wconf 82' lang='lat' dir='ltr'><strong>invicem</strong></span> <span class='ocrx_word' id='word_1_13' title='bbox 851 218 1033 275; x_wconf 86' lang='lat' dir='ltr'><strong>cedunt,</strong></span> <span class='ocrx_word' id='word_1_14' title='bbox 1067 233 1259 276; x_wconf 89' lang='lat' dir='ltr'><strong>cumque</strong></span> <span class='ocrx_word' id='word_1_15' title='bbox 1279 220 1323 263; x_wconf 86' lang='lat' dir='ltr'><strong>te</strong></span> <span class='ocrx_word' id='word_1_16' title='bbox 1344 220 1534 276; x_wconf 88' lang='lat' dir='ltr'><strong>utraque</strong></span> <span class='ocrx_word' id='word_1_17' title='bbox 1561 229 1584 262; x_wconf 79' lang='lat'>4</span> 
     </span>
     <span class='ocr_line' id='line_1_5' title="bbox 110 279 1535 340; baseline 0.001 -16"><span class='ocrx_word' id='word_1_18' title='bbox 110 279 375 326; x_wconf 83' lang='lat' dir='ltr'><strong>effusissime</strong></span> <span class='ocrx_word' id='word_1_19' title='bbox 402 280 582 340; x_wconf 86' lang='lat' dir='ltr'><strong>diligat,</strong></span> <span class='ocrx_word' id='word_1_20' title='bbox 613 281 729 325; x_wconf 83' lang='lat' dir='ltr'><strong>nihil</strong></span> <span class='ocrx_word' id='word_1_21' title='bbox 756 297 836 325; x_wconf 90' lang='lat' dir='ltr'><strong>sua</strong></span> <span class='ocrx_word' id='word_1_22' title='bbox 862 284 1025 340; x_wconf 89' lang='lat' dir='ltr'><strong>putant</strong></span> <span class='ocrx_word' id='word_1_23' title='bbox 1050 282 1284 339; x_wconf 79' lang='lat' dir='ltr'><strong>interesse,</strong></span> <span class='ocrx_word' id='word_1_24' title='bbox 1315 283 1463 326; x_wconf 88' lang='lat' dir='ltr'><strong>utram</strong></span> <span class='ocrx_word' id='word_1_25' title='bbox 1483 284 1535 325; x_wconf 89' lang='lat' dir='ltr'><strong>tu</strong></span> 
     </span>
     <span class='ocr_line' id='line_1_6' title="bbox 108 342 1536 403; baseline 0 -15"><span class='ocrx_word' id='word_1_26' title='bbox 108 342 253 403; x_wconf 84' lang='lat' dir='ltr'><strong>magis</strong></span> <span class='ocrx_word' id='word_1_27' title='bbox 274 357 407 387; x_wconf 89' lang='lat' dir='ltr'><strong>ames.</strong></span> <span class='ocrx_word' id='word_1_28' title='bbox 440 342 564 388; x_wconf 90' lang='lat' dir='ltr'><strong>Idem</strong></span> <span class='ocrx_word' id='word_1_29' title='bbox 585 344 765 401; x_wconf 90' lang='lat' dir='ltr'><strong>utrique</strong></span> <span class='ocrx_word' id='word_1_30' title='bbox 786 345 1091 403; x_wconf 89' lang='lat' dir='ltr'><strong>propositum,</strong></span> <span class='ocrx_word' id='word_1_31' title='bbox 1116 344 1234 389; x_wconf 89' lang='lat' dir='ltr'><strong>idem</strong></span> <span class='ocrx_word' id='word_1_32' title='bbox 1255 347 1386 389; x_wconf 88' lang='lat' dir='ltr'><strong>tenor</strong></span> <span class='ocrx_word' id='word_1_33' title='bbox 1404 344 1536 402; x_wconf 81' lang='lat' dir='ltr'><strong>vitae,</strong></span> 
     </span>
     <span class='ocr_line' id='line_1_7' title="bbox 106 405 1585 464; baseline 0.001 -14"><span class='ocrx_word' id='word_1_34' title='bbox 106 405 331 464; x_wconf 86' lang='lat' dir='ltr'><strong>nihilque,</strong></span> <span class='ocrx_word' id='word_1_35' title='bbox 372 421 427 450; x_wconf 87' lang='lat' dir='ltr'><strong>ex</strong></span> <span class='ocrx_word' id='word_1_36' title='bbox 466 421 555 464; x_wconf 89' lang='lat' dir='ltr'><strong>quo</strong></span> <span class='ocrx_word' id='word_1_37' title='bbox 596 408 761 451; x_wconf 89' lang='lat' dir='ltr'><strong>sentias</strong></span> <span class='ocrx_word' id='word_1_38' title='bbox 795 407 905 452; x_wconf 85' lang='lat' dir='ltr'><strong>duas</strong></span> <span class='ocrx_word' id='word_1_39' title='bbox 939 422 1046 452; x_wconf 89' lang='lat' dir='ltr'><strong>esse.</strong></span> <span class='ocrx_word' id='word_1_40' title='bbox 1111 407 1174 451; x_wconf 87' lang='lat' dir='ltr'><strong>Te</strong></span> <span class='ocrx_word' id='word_1_41' title='bbox 1208 407 1326 452; x_wconf 91' lang='lat' dir='ltr'><strong>enim</strong></span> <span class='ocrx_word' id='word_1_42' title='bbox 1354 407 1534 463; x_wconf 85' lang='lat' dir='ltr'><strong>imitari,</strong></span> <span class='ocrx_word' id='word_1_43' title='bbox 1561 417 1585 451; x_wconf 79' lang='lat'><strong>5</strong></span> 
     </span>
     <span class='ocr_line' id='line_1_8' title="bbox 106 467 1537 528; baseline 0.001 -14"><span class='ocrx_word' id='word_1_44' title='bbox 106 470 152 514; x_wconf 76' lang='lat' dir='ltr'><strong>te</strong></span> <span class='ocrx_word' id='word_1_45' title='bbox 178 467 393 527; x_wconf 77' lang='lat' dir='ltr'><strong>subsequi</strong></span> <span class='ocrx_word' id='word_1_46' title='bbox 419 469 611 514; x_wconf 89' lang='lat' dir='ltr'><strong>student.</strong></span> <span class='ocrx_word' id='word_1_47' title='bbox 675 468 782 514; x_wconf 93' lang='lat' dir='ltr'><strong>Ideo</strong></span> <span class='ocrx_word' id='word_1_48' title='bbox 808 473 998 528; x_wconf 90' lang='lat' dir='ltr'><strong>utraque</strong></span> <span class='ocrx_word' id='word_1_49' title='bbox 1025 485 1171 515; x_wconf 90' lang='lat' dir='ltr'><strong>mores</strong></span> <span class='ocrx_word' id='word_1_50' title='bbox 1199 470 1398 528; x_wconf 88' lang='lat' dir='ltr'><strong>eosdem,</strong></span> <span class='ocrx_word' id='word_1_51' title='bbox 1431 470 1537 528; x_wconf 80' lang='lat' dir='ltr'><strong>quia</strong></span> 
     </span>
     <span class='ocr_line' id='line_1_9' title="bbox 107 532 1535 591; baseline 0.001 -15"><span class='ocrx_word' id='word_1_52' title='bbox 107 533 299 590; x_wconf 86' lang='lat' dir='ltr'><strong>utraque</strong></span> <span class='ocrx_word' id='word_1_53' title='bbox 330 534 434 576; x_wconf 90' lang='lat' dir='ltr'><strong>tuos</strong></span> <span class='ocrx_word' id='word_1_54' title='bbox 466 532 617 577; x_wconf 89' lang='lat' dir='ltr'><strong>habet.</strong></span> <span class='ocrx_word' id='word_1_55' title='bbox 682 532 791 577; x_wconf 89' lang='lat' dir='ltr'><strong>Inde</strong></span> <span class='ocrx_word' id='word_1_56' title='bbox 826 533 1094 591; x_wconf 74' lang='lat' dir='ltr'><strong>moderatio,</strong></span> <span class='ocrx_word' id='word_1_57' title='bbox 1133 533 1236 578; x_wconf 89' lang='lat' dir='ltr'><strong>inde</strong></span> <span class='ocrx_word' id='word_1_58' title='bbox 1270 533 1402 578; x_wconf 89' lang='lat' dir='ltr'><strong>etiam</strong></span> <span class='ocrx_word' id='word_1_59' title='bbox 1438 548 1535 591; x_wconf 89' lang='lat' dir='ltr'><strong>per-</strong></span> 
     </span>
     <span class='ocr_line' id='line_1_10' title="bbox 106 594 1536 654; baseline 0 -14"><span class='ocrx_word' id='word_1_60' title='bbox 106 597 244 653; x_wconf 85' lang='lat' dir='ltr'><strong>petua</strong></span> <span class='ocrx_word' id='word_1_61' title='bbox 275 595 502 640; x_wconf 77' lang='lat' dir='ltr'><strong>securitas.</strong></span> <span class='ocrx_word' id='word_1_62' title='bbox 567 594 726 654; x_wconf 89' lang='lat' dir='ltr'><strong>Neque</strong></span> <span class='ocrx_word' id='word_1_63' title='bbox 760 596 879 640; x_wconf 91' lang='lat' dir='ltr'><strong>enim</strong></span> <span class='ocrx_word' id='word_1_64' title='bbox 913 611 1128 654; x_wconf 89' lang='lat' dir='ltr'><strong>umquam</strong></span> <span class='ocrx_word' id='word_1_65' title='bbox 1161 595 1536 654; x_wconf 86' lang='lat' dir='ltr'><strong>periclitabuntur</strong></span> 
     </span>
     <span class='ocr_line' id='line_1_11' title="bbox 107 657 1584 717; baseline 0.001 -15"><span class='ocrx_word' id='word_1_66' title='bbox 107 672 204 703; x_wconf 88' lang='lat' dir='ltr'><strong>esse</strong></span> <span class='ocrx_word' id='word_1_67' title='bbox 235 657 456 717; x_wconf 83' lang='lat' dir='ltr'><strong>privatae,</strong></span> <span class='ocrx_word' id='word_1_68' title='bbox 490 673 604 716; x_wconf 89' lang='lat' dir='ltr'><strong>quae</strong></span> <span class='ocrx_word' id='word_1_69' title='bbox 636 674 728 703; x_wconf 91' lang='lat' dir='ltr'><strong>non</strong></span> <span class='ocrx_word' id='word_1_70' title='bbox 762 659 999 703; x_wconf 90' lang='lat' dir='ltr'><strong>desierunt.</strong></span> <span class='ocrx_word' id='word_1_71' title='bbox 1065 657 1301 703; x_wconf 88' lang='lat' dir='ltr'><strong>Obtulerat</strong></span> <span class='ocrx_word' id='word_1_72' title='bbox 1339 659 1430 703; x_wconf 85' lang='lat' dir='ltr'><strong>illis</strong></span> <span class='ocrx_word' id='word_1_73' title='bbox 1470 672 1534 703; x_wconf 89' lang='lat' dir='ltr'><strong>se·</strong></span> <span class='ocrx_word' id='word_1_74' title='bbox 1562 669 1584 702; x_wconf 85' lang='lat'><strong>6</strong></span> 
     </span>
     <span class='ocr_line' id='line_1_12' title="bbox 105 720 1534 781; baseline 0 -16"><span class='ocrx_word' id='word_1_75' title='bbox 105 722 239 765; x_wconf 85' lang='lat' dir='ltr'><strong>natus</strong></span> <span class='ocrx_word' id='word_1_76' title='bbox 266 735 518 781; x_wconf 82' lang='lat' dir='ltr'><strong>cognomen</strong></span> <span class='ocrx_word' id='word_1_77' title='bbox 545 720 872 781; x_wconf 88' lang='lat' dir='ltr'><strong>Augustarum,</strong></span> <span class='ocrx_word' id='word_1_78' title='bbox 900 721 1019 779; x_wconf 91' lang='lat' dir='ltr'><strong>quod</strong></span> <span class='ocrx_word' id='word_1_79' title='bbox 1049 722 1252 766; x_wconf 85' lang='lat' dir='ltr'><strong>certatim</strong></span> <span class='ocrx_word' id='word_1_80' title='bbox 1274 722 1534 780; x_wconf 83' lang='lat' dir='ltr'><strong>deprecatae</strong></span> 
     </span>
     <span class='ocr_line' id='line_1_13' title="bbox 107 783 1535 843; baseline 0.001 -15"><span class='ocrx_word' id='word_1_81' title='bbox 107 785 232 840; x_wconf 89' lang='lat' dir='ltr'><strong>sunt,</strong></span> <span class='ocrx_word' id='word_1_82' title='bbox 275 798 409 842; x_wconf 88' lang='lat' dir='ltr'><strong>quam</strong></span> <span class='ocrx_word' id='word_1_83' title='bbox 443 783 521 827; x_wconf 92' lang='lat' dir='ltr'><strong>diu</strong></span> <span class='ocrx_word' id='word_1_84' title='bbox 554 785 904 842; x_wconf 85' lang='lat' dir='ltr'><strong>appellationem</strong></span> <span class='ocrx_word' id='word_1_85' title='bbox 936 785 1077 843; x_wconf 90' lang='lat' dir='ltr'><strong>patris</strong></span> <span class='ocrx_word' id='word_1_86' title='bbox 1116 785 1286 842; x_wconf 84' lang='lat' dir='ltr'><strong>patriae</strong></span> <span class='ocrx_word' id='word_1_87' title='bbox 1325 787 1376 828; x_wconf 91' lang='lat' dir='ltr'><strong>tu</strong></span> <span class='ocrx_word' id='word_1_88' title='bbox 1407 799 1535 829; x_wconf 90' lang='lat' dir='ltr'><strong>recu-</strong></span> 
     </span>
     <span class='ocr_line' id='line_1_14' title="bbox 107 846 1535 905; baseline -0.001 -13"><span class='ocrx_word' id='word_1_89' title='bbox 107 861 270 904; x_wconf 86' lang='lat' dir='ltr'><strong>sasses,</strong></span> <span class='ocrx_word' id='word_1_90' title='bbox 303 861 382 892; x_wconf 87' lang='lat' dir='ltr'><strong>seu</strong></span> <span class='ocrx_word' id='word_1_91' title='bbox 424 846 545 905; x_wconf 90' lang='lat' dir='ltr'><strong>quod</strong></span> <span class='ocrx_word' id='word_1_92' title='bbox 577 847 680 905; x_wconf 87' lang='lat' dir='ltr'><strong>plus</strong></span> <span class='ocrx_word' id='word_1_93' title='bbox 715 862 810 892; x_wconf 88' lang='lat' dir='ltr'><strong>esse</strong></span> <span class='ocrx_word' id='word_1_94' title='bbox 852 848 899 891; x_wconf 90' lang='lat' dir='ltr'><strong>in</strong></span> <span class='ocrx_word' id='word_1_95' title='bbox 942 862 994 892; x_wconf 89' lang='lat' dir='ltr'><strong>eo</strong></span> <span class='ocrx_word' id='word_1_96' title='bbox 1029 847 1308 905; x_wconf 87' lang='lat' dir='ltr'><strong>iudicabant,</strong></span> <span class='ocrx_word' id='word_1_97' title='bbox 1347 847 1386 891; x_wconf 88' lang='lat' dir='ltr'><strong>si</strong></span> <span class='ocrx_word' id='word_1_98' title='bbox 1419 862 1535 891; x_wconf 85' lang='lat' dir='ltr'><strong>uxor</strong></span> 
     </span>
     <span class='ocr_line' id='line_1_15' title="bbox 106 909 1583 969; baseline 0 -15"><span class='ocrx_word' id='word_1_99' title='bbox 106 911 152 954; x_wconf 89' lang='lat' dir='ltr'><strong>et</strong></span> <span class='ocrx_word' id='word_1_100' title='bbox 177 924 308 954; x_wconf 90' lang='lat' dir='ltr'><strong>soror</strong></span> <span class='ocrx_word' id='word_1_101' title='bbox 332 912 412 954; x_wconf 89' lang='lat' dir='ltr'><strong>tua</strong></span> <span class='ocrx_word' id='word_1_102' title='bbox 439 925 575 967; x_wconf 89' lang='lat' dir='ltr'><strong>quam</strong></span> <span class='ocrx_word' id='word_1_103' title='bbox 603 911 641 954; x_wconf 87' lang='lat' dir='ltr'><strong>si</strong></span> <span class='ocrx_word' id='word_1_104' title='bbox 667 909 901 969; x_wconf 88' lang='lat' dir='ltr'><strong>Augustae</strong></span> <span class='ocrx_word' id='word_1_105' title='bbox 929 910 1193 954; x_wconf 90' lang='lat' dir='ltr'><strong>dicerentur.</strong></span> <span class='ocrx_word' id='word_1_106' title='bbox 1260 909 1368 968; x_wconf 88' lang='lat' dir='ltr'><strong>Sed,</strong></span> <span class='ocrx_word' id='word_1_107' title='bbox 1401 925 1534 968; x_wconf 89' lang='lat' dir='ltr'><strong>quae·</strong></span> <span class='ocrx_word' id='word_1_108' title='bbox 1562 920 1583 954; x_wconf 81' lang='grc'><strong>7</strong></span> 
     </span>
     <span class='ocr_line' id='line_1_16' title="bbox 106 971 1534 1032; baseline -0.001 -15"><span class='ocrx_word' id='word_1_109' title='bbox 106 986 300 1030; x_wconf 88' lang='lat' dir='ltr'><strong>cumque</strong></span> <span class='ocrx_word' id='word_1_110' title='bbox 331 971 423 1017; x_wconf 87' lang='lat' dir='ltr'><strong>illis</strong></span> <span class='ocrx_word' id='word_1_111' title='bbox 449 973 564 1017; x_wconf 89' lang='lat' dir='ltr'><strong>ratio</strong></span> <span class='ocrx_word' id='word_1_112' title='bbox 591 976 765 1018; x_wconf 83' lang='lat' dir='ltr'><strong>tantam</strong></span> <span class='ocrx_word' id='word_1_113' title='bbox 792 973 1057 1017; x_wconf 86' lang='lat' dir='ltr'><strong>modestiam</strong></span> <span class='ocrx_word' id='word_1_114' title='bbox 1086 973 1245 1030; x_wconf 87' lang='lat' dir='ltr'><strong>suasit,</strong></span> <span class='ocrx_word' id='word_1_115' title='bbox 1276 973 1364 1017; x_wconf 92' lang='lat' dir='ltr'><strong>hoc</strong></span> <span class='ocrx_word' id='word_1_116' title='bbox 1390 973 1534 1032; x_wconf 86' lang='lat' dir='ltr'><strong>magis</strong></span> 
     </span>
     <span class='ocr_line' id='line_1_17' title="bbox 106 1034 1536 1107; baseline 0 -27"><span class='ocrx_word' id='word_1_117' title='bbox 106 1034 269 1096; x_wconf 83' lang='lat' dir='ltr'><strong>dignae</strong></span> <span class='ocrx_word' id='word_1_118' title='bbox 295 1038 420 1094; x_wconf 88' lang='lat' dir='ltr'><strong>sunt,</strong></span> <span class='ocrx_word' id='word_1_119' title='bbox 447 1050 561 1107; x_wconf 84' lang='lat' dir='ltr'><strong>quae</strong></span> <span class='ocrx_word' id='word_1_120' title='bbox 588 1036 635 1080; x_wconf 93' lang='lat' dir='ltr'><strong>in</strong></span> <span class='ocrx_word' id='word_1_121' title='bbox 663 1036 822 1080; x_wconf 90' lang='lat' dir='ltr'><strong>animis</strong></span> <span class='ocrx_word' id='word_1_122' title='bbox 850 1036 1016 1080; x_wconf 88' lang='lat' dir='ltr'><strong>nostris</strong></span> <span class='ocrx_word' id='word_1_123' title='bbox 1044 1039 1090 1080; x_wconf 93' lang='lat' dir='ltr'><strong>et</strong></span> <span class='ocrx_word' id='word_1_124' title='bbox 1110 1036 1200 1080; x_wconf 87' lang='lat' dir='ltr'><strong>sint</strong></span> <span class='ocrx_word' id='word_1_125' title='bbox 1220 1038 1265 1080; x_wconf 93' lang='grc'><strong>01</strong></span> <span class='ocrx_word' id='word_1_126' title='bbox 1284 1036 1536 1080; x_wconf 82' lang='lat' dir='ltr'><strong>habeantur</strong></span> 
     </span>
     <span class='ocr_line' id='line_1_18' title="bbox 106 1098 1582 1158; baseline -0.001 -15"><span class='ocrx_word' id='word_1_127' title='bbox 106 1101 344 1158; x_wconf 80' lang='lat' dir='ltr'><strong>augustae,</strong></span> <span class='ocrx_word' id='word_1_128' title='bbox 386 1099 493 1157; x_wconf 90' lang='lat' dir='ltr'><strong>quia</strong></span> <span class='ocrx_word' id='word_1_129' title='bbox 533 1114 627 1143; x_wconf 89' lang='lat' dir='ltr'><strong>non</strong></span> <span class='ocrx_word' id='word_1_130' title='bbox 668 1102 905 1144; x_wconf 82' lang='lat' dir='ltr'><strong>vocantur:</strong></span> <span class='ocrx_word' id='word_1_131' title='bbox 958 1099 1066 1157; x_wconf 85' lang='lat' dir='ltr'><strong>quid</strong></span> <span class='ocrx_word' id='word_1_132' title='bbox 1109 1098 1228 1143; x_wconf 90' lang='lat' dir='ltr'><strong>enim</strong></span> <span class='ocrx_word' id='word_1_133' title='bbox 1262 1098 1533 1143; x_wconf 88' lang='lat' dir='ltr'><strong>laudabilius</strong></span> <span class='ocrx_word' id='word_1_134' title='bbox 1561 1109 1582 1142; x_wconf 90' lang='lat'>8</span> 
     </span>
     <span class='ocr_line' id='line_1_19' title="bbox 105 1161 1535 1220; baseline -0.001 -14"><span class='ocrx_word' id='word_1_135' title='bbox 105 1161 306 1220; x_wconf 89' lang='lat' dir='ltr'><strong>feminis,</strong></span> <span class='ocrx_word' id='word_1_136' title='bbox 351 1176 486 1220; x_wconf 90' lang='lat' dir='ltr'><strong>quam</strong></span> <span class='ocrx_word' id='word_1_137' title='bbox 526 1163 564 1206; x_wconf 89' lang='lat' dir='ltr'><strong>si</strong></span> <span class='ocrx_word' id='word_1_138' title='bbox 609 1178 765 1207; x_wconf 84' lang='lat' dir='ltr'><strong>verum</strong></span> <span class='ocrx_word' id='word_1_139' title='bbox 804 1163 1022 1206; x_wconf 90' lang='lat' dir='ltr'><strong>honorem</strong></span> <span class='ocrx_word' id='word_1_140' title='bbox 1068 1177 1161 1206; x_wconf 91' lang='lat' dir='ltr'><strong>non</strong></span> <span class='ocrx_word' id='word_1_141' title='bbox 1206 1162 1253 1205; x_wconf 92' lang='lat' dir='ltr'><strong>in</strong></span> <span class='ocrx_word' id='word_1_142' title='bbox 1299 1161 1535 1219; x_wconf 86' lang='lat' dir='ltr'><strong>splendore</strong></span> 
     </span>
     <span class='ocr_line' id='line_1_20' title="bbox 106 1224 1534 1284; baseline 0 -15"><span class='ocrx_word' id='word_1_143' title='bbox 106 1225 370 1283; x_wconf 88' lang='lat' dir='ltr'><strong>titulorum,</strong></span> <span class='ocrx_word' id='word_1_144' title='bbox 396 1225 542 1270; x_wconf 88' lang='lat' dir='ltr'><strong>sedin</strong></span> <span class='ocrx_word' id='word_1_145' title='bbox 566 1225 742 1270; x_wconf 91' lang='lat' dir='ltr'><strong>iudiciis</strong></span> <span class='ocrx_word' id='word_1_146' title='bbox 766 1225 1002 1269; x_wconf 90' lang='lat' dir='ltr'><strong>hominum</strong></span> <span class='ocrx_word' id='word_1_147' title='bbox 1026 1227 1247 1283; x_wconf 88' lang='lat' dir='ltr'><strong>reponant</strong></span> <span class='ocrx_word' id='word_1_148' title='bbox 1269 1224 1534 1284; x_wconf 85' lang='lat' dir='ltr'><strong>magnisque</strong></span> 
     </span>
     <span class='ocr_line' id='line_1_21' title="bbox 105 1286 1317 1359; baseline -0.001 -27"><span class='ocrx_word' id='word_1_149' title='bbox 105 1287 366 1333; x_wconf 88' lang='lat' dir='ltr'><strong>nominibus</strong></span> <span class='ocrx_word' id='word_1_150' title='bbox 398 1303 528 1359; x_wconf 77' lang='lat' dir='ltr'><strong>pares</strong></span> <span class='ocrx_word' id='word_1_151' title='bbox 564 1304 610 1333; x_wconf 87' lang='lat' dir='ltr'><strong>se</strong></span> <span class='ocrx_word' id='word_1_152' title='bbox 642 1289 828 1347; x_wconf 87' lang='lat' dir='ltr'><strong>faciant,</strong></span> <span class='ocrx_word' id='word_1_153' title='bbox 863 1291 907 1332; x_wconf 92' lang='lat' dir='ltr'><strong>et</strong></span> <span class='ocrx_word' id='word_1_154' title='bbox 940 1288 1046 1332; x_wconf 89' lang='lat' dir='ltr'><strong>dum</strong></span> <span class='ocrx_word' id='word_1_155' title='bbox 1079 1286 1317 1332; x_wconf 80' lang='lat' dir='ltr'><strong>recusant?</strong></span> 
     </span>
    </p>

    <p class='ocr_par' dir='ltr' id='par_1_5' title="bbox 103 1346 1608 2104">
     <span class='ocr_line' id='line_1_22' title="bbox 199 1346 1608 1410; baseline 0 -14"><span class='ocrx_word' id='word_1_156' title='bbox 199 1350 295 1396; x_wconf 88' lang='lat' dir='ltr'><strong>Iam</strong></span> <span class='ocrx_word' id='word_1_157' title='bbox 322 1350 458 1396; x_wconf 87' lang='lat' dir='ltr'><strong>etiam</strong></span> <span class='ocrx_word' id='word_1_158' title='bbox 485 1351 534 1395; x_wconf 91' lang='lat' dir='ltr'><strong>in</strong></span> <span class='ocrx_word' id='word_1_159' title='bbox 559 1351 837 1410; x_wconf 86' lang='lat' dir='ltr'><strong>privatorum</strong></span> <span class='ocrx_word' id='word_1_160' title='bbox 866 1351 1026 1395; x_wconf 88' lang='lat' dir='ltr'><strong>animis</strong></span> <span class='ocrx_word' id='word_1_161' title='bbox 1054 1351 1308 1395; x_wconf 85' lang='lat' dir='ltr'><strong>exoleverat</strong></span> <span class='ocrx_word' id='word_1_162' title='bbox 1333 1346 1608 1408; x_wconf 81' lang='lat' dir='ltr'><strong>priscum85</strong></span> 
     </span>
     <span class='ocr_line' id='line_1_23' title="bbox 105 1413 1536 1472; baseline -0.001 -13"><span class='ocrx_word' id='word_1_163' title='bbox 105 1413 365 1459; x_wconf 81' lang='lat' dir='ltr'><strong>mortalium</strong></span> <span class='ocrx_word' id='word_1_164' title='bbox 391 1414 575 1471; x_wconf 89' lang='lat' dir='ltr'><strong>bonum,</strong></span> <span class='ocrx_word' id='word_1_165' title='bbox 596 1414 815 1472; x_wconf 86' lang='lat' dir='ltr'><strong>amicitia,</strong></span> <span class='ocrx_word' id='word_1_166' title='bbox 847 1414 974 1459; x_wconf 87' lang='lat' dir='ltr'><strong>cuius</strong></span> <span class='ocrx_word' id='word_1_167' title='bbox 995 1414 1043 1457; x_wconf 91' lang='grc'><strong>111</strong></span> <span class='ocrx_word' id='word_1_168' title='bbox 1063 1414 1212 1458; x_wconf 90' lang='grc'>10011111</span> <span class='ocrx_word' id='word_1_169' title='bbox 1233 1413 1536 1472; x_wconf 83' lang='lat' dir='ltr'><strong>migraverant</strong></span> 
     </span>
     <span class='ocr_line' id='line_1_24' title="bbox 105 1476 1533 1536; baseline -0.001 -14"><span class='ocrx_word' id='word_1_170' title='bbox 105 1476 456 1536; x_wconf 86' lang='lat' dir='ltr'><strong>adsentationes,</strong></span> <span class='ocrx_word' id='word_1_171' title='bbox 483 1477 729 1522; x_wconf 88' lang='lat' dir='ltr'><strong>blanditiae</strong></span> <span class='ocrx_word' id='word_1_172' title='bbox 756 1480 800 1521; x_wconf 90' lang='lat' dir='ltr'><strong>et</strong></span> <span class='ocrx_word' id='word_1_173' title='bbox 826 1476 952 1535; x_wconf 91' lang='lat' dir='ltr'><strong>peior</strong></span> <span class='ocrx_word' id='word_1_174' title='bbox 980 1476 1083 1521; x_wconf 88' lang='lat' dir='ltr'><strong>odio</strong></span> <span class='ocrx_word' id='word_1_175' title='bbox 1105 1476 1270 1521; x_wconf 88' lang='lat' dir='ltr'><strong>amoris</strong></span> <span class='ocrx_word' id='word_1_176' title='bbox 1292 1476 1533 1520; x_wconf 88' lang='lat' dir='ltr'><strong>simulatio.</strong></span> 
     </span>
     <span class='ocr_line' id='line_1_25' title="bbox 104 1539 1535 1599; baseline -0.001 -15"><span class='ocrx_word' id='word_1_177' title='bbox 104 1539 287 1586; x_wconf 81' lang='lat' dir='ltr'><strong>Etenim</strong></span> <span class='ocrx_word' id='word_1_178' title='bbox 325 1540 374 1585; x_wconf 91' lang='lat' dir='ltr'><strong>in</strong></span> <span class='ocrx_word' id='word_1_179' title='bbox 413 1540 669 1599; x_wconf 89' lang='lat' dir='ltr'><strong>principum</strong></span> <span class='ocrx_word' id='word_1_180' title='bbox 711 1540 845 1584; x_wconf 89' lang='lat' dir='ltr'><strong>domo</strong></span> <span class='ocrx_word' id='word_1_181' title='bbox 885 1554 1050 1583; x_wconf 88' lang='lat' dir='ltr'><strong>nomen</strong></span> <span class='ocrx_word' id='word_1_182' title='bbox 1082 1542 1259 1583; x_wconf 88' lang='lat' dir='ltr'><strong>tantum</strong></span> <span class='ocrx_word' id='word_1_183' title='bbox 1298 1539 1535 1596; x_wconf 88' lang='lat' dir='ltr'><strong>amicitiae,</strong></span> 
     </span>
     <span class='ocr_line' id='line_1_26' title="bbox 104 1601 1581 1661; baseline -0.001 -14"><span class='ocrx_word' id='word_1_184' title='bbox 104 1603 238 1648; x_wconf 89' lang='lat' dir='ltr'><strong>inane</strong></span> <span class='ocrx_word' id='word_1_185' title='bbox 263 1603 436 1649; x_wconf 90' lang='lat' dir='ltr'><strong>scilicet</strong></span> <span class='ocrx_word' id='word_1_186' title='bbox 455 1603 752 1661; x_wconf 87' lang='lat' dir='ltr'><strong>inrisumque,</strong></span> <span class='ocrx_word' id='word_1_187' title='bbox 778 1602 1048 1647; x_wconf 88' lang='lat' dir='ltr'><strong>remanebat.</strong></span> <span class='ocrx_word' id='word_1_188' title='bbox 1106 1601 1223 1646; x_wconf 89' lang='lat' dir='ltr'><strong>Nam</strong></span> <span class='ocrx_word' id='word_1_189' title='bbox 1253 1602 1331 1659; x_wconf 91' lang='lat' dir='ltr'><strong>qui</strong></span> <span class='ocrx_word' id='word_1_190' title='bbox 1358 1604 1535 1660; x_wconf 88' lang='lat' dir='ltr'><strong>poterat</strong></span> <span class='ocrx_word' id='word_1_191' title='bbox 1560 1612 1581 1645; x_wconf 82' lang='lat'>2</span> 
     </span>
     <span class='ocr_line' id='line_1_27' title="bbox 105 1664 1533 1724; baseline -0.002 -13"><span class='ocrx_word' id='word_1_192' title='bbox 105 1681 202 1711; x_wconf 88' lang='lat' dir='ltr'><strong>esse</strong></span> <span class='ocrx_word' id='word_1_193' title='bbox 233 1666 352 1711; x_wconf 90' lang='lat' dir='ltr'><strong>inter</strong></span> <span class='ocrx_word' id='word_1_194' title='bbox 384 1681 460 1711; x_wconf 90' lang='lat' dir='ltr'><strong>eos</strong></span> <span class='ocrx_word' id='word_1_195' title='bbox 501 1667 718 1724; x_wconf 85' lang='lat' dir='ltr'><strong>amicitia,</strong></span> <span class='ocrx_word' id='word_1_196' title='bbox 759 1681 950 1723; x_wconf 88' lang='lat' dir='ltr'><strong>quorum</strong></span> <span class='ocrx_word' id='word_1_197' title='bbox 991 1665 1078 1709; x_wconf 84' lang='lat' dir='ltr'><strong>sibi</strong></span> <span class='ocrx_word' id='word_1_198' title='bbox 1117 1665 1194 1708; x_wconf 86' lang='lat' dir='ltr'><strong>alii</strong></span> <span class='ocrx_word' id='word_1_199' title='bbox 1227 1664 1417 1722; x_wconf 85' lang='lat' dir='ltr'><strong>domini,</strong></span> <span class='ocrx_word' id='word_1_200' title='bbox 1456 1665 1533 1708; x_wconf 86' lang='lat' dir='ltr'><strong>alii</strong></span> 
     </span>
     <span class='ocr_line' id='line_1_28' title="bbox 106 1729 1534 1789; baseline -0.002 -14"><span class='ocrx_word' id='word_1_201' title='bbox 106 1729 224 1775; x_wconf 84' lang='lat' dir='ltr'><strong>servi</strong></span> <span class='ocrx_word' id='word_1_202' title='bbox 261 1729 564 1774; x_wconf 77' lang='lat' dir='ltr'><strong>videbantur?</strong></span> <span class='ocrx_word' id='word_1_203' title='bbox 614 1729 683 1773; x_wconf 85' lang='lat' dir='ltr'><strong>Tu</strong></span> <span class='ocrx_word' id='word_1_204' title='bbox 728 1730 844 1773; x_wconf 88' lang='lat' dir='ltr'><strong>hanc</strong></span> <span class='ocrx_word' id='word_1_205' title='bbox 888 1729 1066 1786; x_wconf 89' lang='lat' dir='ltr'><strong>pulsam</strong></span> <span class='ocrx_word' id='word_1_206' title='bbox 1113 1730 1157 1772; x_wconf 93' lang='lat' dir='ltr'><strong>et</strong></span> <span class='ocrx_word' id='word_1_207' title='bbox 1203 1730 1423 1789; x_wconf 86' lang='lat' dir='ltr'><strong>errantem</strong></span> <span class='ocrx_word' id='word_1_208' title='bbox 1467 1743 1534 1772; x_wconf 87' lang='lat' dir='ltr'><strong>re-</strong></span> 
     </span>
     <span class='ocr_line' id='line_1_29' title="bbox 105 1788 1583 1849; baseline -0.003 -11"><span class='ocrx_word' id='word_1_209' title='bbox 105 1788 292 1838; x_wconf 84' lang='lat' dir='ltr'><strong>duxisti:</strong></span> <span class='ocrx_word' id='word_1_210' title='bbox 323 1792 462 1837; x_wconf 87' lang='lat' dir='ltr'><strong>habes</strong></span> <span class='ocrx_word' id='word_1_211' title='bbox 490 1792 678 1849; x_wconf 86' lang='lat' dir='ltr'><strong>amicos,</strong></span> <span class='ocrx_word' id='word_1_212' title='bbox 705 1792 811 1849; x_wconf 89' lang='lat' dir='ltr'><strong>quia</strong></span> <span class='ocrx_word' id='word_1_213' title='bbox 836 1791 1006 1836; x_wconf 86' lang='lat' dir='ltr'><strong>amicus</strong></span> <span class='ocrx_word' id='word_1_214' title='bbox 1026 1791 1123 1848; x_wconf 89' lang='lat' dir='ltr'><strong>ipse</strong></span> <span class='ocrx_word' id='word_1_215' title='bbox 1144 1806 1201 1835; x_wconf 91' lang='lat' dir='ltr'><strong>es.</strong></span> <span class='ocrx_word' id='word_1_216' title='bbox 1235 1789 1394 1848; x_wconf 87' lang='lat' dir='ltr'><strong>Neque</strong></span> <span class='ocrx_word' id='word_1_217' title='bbox 1415 1790 1533 1835; x_wconf 86' lang='lat' dir='ltr'><strong>enim</strong></span> <span class='ocrx_word' id='word_1_218' title='bbox 1561 1800 1583 1834; x_wconf 79' lang='lat'><strong>3</strong></span> 
     </span>
     <span class='ocr_line' id='line_1_30' title="bbox 103 1853 1532 1912; baseline -0.003 -11"><span class='ocrx_word' id='word_1_219' title='bbox 103 1858 156 1900; x_wconf 90' lang='lat' dir='ltr'><strong>ut</strong></span> <span class='ocrx_word' id='word_1_220' title='bbox 187 1856 276 1901; x_wconf 85' lang='lat' dir='ltr'><strong>alia</strong></span> <span class='ocrx_word' id='word_1_221' title='bbox 308 1855 520 1901; x_wconf 89' lang='lat' dir='ltr'><strong>subiectis</strong></span> <span class='ocrx_word' id='word_1_222' title='bbox 548 1856 612 1899; x_wconf 90' lang='lat' dir='ltr'><strong>ita</strong></span> <span class='ocrx_word' id='word_1_223' title='bbox 651 1870 777 1899; x_wconf 89' lang='lat' dir='ltr'><strong>amor</strong></span> <span class='ocrx_word' id='word_1_224' title='bbox 816 1855 1081 1912; x_wconf 90' lang='lat' dir='ltr'><strong>imperatur,</strong></span> <span class='ocrx_word' id='word_1_225' title='bbox 1122 1868 1267 1911; x_wconf 89' lang='lat' dir='ltr'><strong>neque</strong></span> <span class='ocrx_word' id='word_1_226' title='bbox 1306 1856 1375 1898; x_wconf 90' lang='lat' dir='ltr'><strong>est</strong></span> <span class='ocrx_word' id='word_1_227' title='bbox 1413 1853 1532 1897; x_wconf 89' lang='lat' dir='ltr'><strong>ullus</strong></span> 
     </span>
     <span class='ocr_line' id='line_1_31' title="bbox 104 1915 1534 1987; baseline -0.003 -23"><span class='ocrx_word' id='word_1_228' title='bbox 104 1918 306 1964; x_wconf 86' lang='lat' dir='ltr'><strong>adfectus</strong></span> <span class='ocrx_word' id='word_1_229' title='bbox 332 1921 426 1964; x_wconf 89' lang='lat' dir='ltr'><strong>tam</strong></span> <span class='ocrx_word' id='word_1_230' title='bbox 451 1922 624 1963; x_wconf 89' lang='lat' dir='ltr'><strong>erectus</strong></span> <span class='ocrx_word' id='word_1_231' title='bbox 652 1920 696 1962; x_wconf 92' lang='lat' dir='ltr'><strong>et</strong></span> <span class='ocrx_word' id='word_1_232' title='bbox 722 1918 835 1961; x_wconf 90' lang='lat' dir='ltr'><strong>liber</strong></span> <span class='ocrx_word' id='word_1_233' title='bbox 862 1920 906 1962; x_wconf 91' lang='lat' dir='ltr'><strong>et</strong></span> <span class='ocrx_word' id='word_1_234' title='bbox 933 1916 1253 1961; x_wconf 87' lang='lat' dir='ltr'><strong>dominationis</strong></span> <span class='ocrx_word' id='word_1_235' title='bbox 1280 1915 1534 1987; x_wconf 78' lang='lat' dir='ltr'><strong>impatiens,</strong></span> 
     </span>
     <span class='ocr_line' id='line_1_32' title="bbox 103 1979 1583 2049; baseline -0.003 -22"><span class='ocrx_word' id='word_1_236' title='bbox 103 1996 188 2027; x_wconf 90' lang='lat' dir='ltr'><strong>nec</strong></span> <span class='ocrx_word' id='word_1_237' title='bbox 220 1982 299 2041; x_wconf 92' lang='lat' dir='ltr'><strong>qui</strong></span> <span class='ocrx_word' id='word_1_238' title='bbox 332 1981 475 2042; x_wconf 89' lang='lat' dir='ltr'><strong>magis</strong></span> <span class='ocrx_word' id='word_1_239' title='bbox 509 1982 628 2026; x_wconf 84' lang='lat' dir='ltr'><strong>vices</strong></span> <span class='ocrx_word' id='word_1_240' title='bbox 672 1980 835 2040; x_wconf 88' lang='lat' dir='ltr'><strong>exigat.</strong></span> <span class='ocrx_word' id='word_1_241' title='bbox 901 1979 1058 2024; x_wconf 91' lang='lat' dir='ltr'><strong>Potest</strong></span> <span class='ocrx_word' id='word_1_242' title='bbox 1099 1979 1290 2023; x_wconf 89' lang='lat' dir='ltr'><strong>fortasse</strong></span> <span class='ocrx_word' id='word_1_243' title='bbox 1322 1979 1532 2049; x_wconf 79' lang='lat' dir='ltr'><strong>princeps</strong></span> <span class='ocrx_word' id='word_1_244' title='bbox 1559 1989 1583 2022; x_wconf 80' lang='lat'>4</span> 
     </span>
     <span class='ocr_line' id='line_1_33' title="bbox 103 2041 1533 2104; baseline -0.003 -14"><span class='ocrx_word' id='word_1_245' title='bbox 103 2045 276 2104; x_wconf 86' lang='lat' dir='ltr'><strong>inique,</strong></span> <span class='ocrx_word' id='word_1_246' title='bbox 309 2047 460 2103; x_wconf 90' lang='lat' dir='ltr'><strong>potest</strong></span> <span class='ocrx_word' id='word_1_247' title='bbox 491 2046 643 2088; x_wconf 90' lang='lat' dir='ltr'><strong>tamen</strong></span> <span class='ocrx_word' id='word_1_248' title='bbox 676 2043 779 2088; x_wconf 89' lang='lat' dir='ltr'><strong>odio</strong></span> <span class='ocrx_word' id='word_1_249' title='bbox 807 2057 902 2087; x_wconf 89' lang='lat' dir='ltr'><strong>esse</strong></span> <span class='ocrx_word' id='word_1_250' title='bbox 928 2057 1021 2087; x_wconf 90' lang='lat' dir='ltr'><strong>non</strong></span> <span class='ocrx_word' id='word_1_251' title='bbox 1046 2042 1204 2099; x_wconf 80' lang='lat' dir='ltr'><strong>nullis,</strong></span> <span class='ocrx_word' id='word_1_252' title='bbox 1236 2041 1412 2086; x_wconf 89' lang='lat' dir='ltr'><strong>etiamsi</strong></span> <span class='ocrx_word' id='word_1_253' title='bbox 1437 2041 1533 2100; x_wconf 91' lang='lat' dir='ltr'><strong>ipse</strong></span> 
     </span>
    </p>
   </div>
   <div class='ocr_carea' id='block_1_5' title="bbox 104 2121 403 2127">
    <p class='ocr_par' dir='ltr' id='par_1_6' title="bbox 104 2121 403 2127">
     <span class='ocr_line' id='line_1_34' title="bbox 104 2121 403 2127; baseline 0 0"><span class='ocrx_word' id='word_1_254' title='bbox 104 2121 403 2127; x_wconf 95' lang='lat' dir='ltr'><strong> </strong></span> 
     </span>
    </p>
   </div>
   <div class='ocr_carea' id='block_1_6' title="bbox 104 2190 1533 2491">
    <p class='ocr_par' dir='ltr' id='par_1_7' title="bbox 104 2190 1533 2491">
     <span class='ocr_line' id='line_1_35' title="bbox 206 2190 1533 2245; baseline -0.003 -13"><span class='ocrx_word' id='word_1_255' title='bbox 206 2197 253 2232; x_wconf 93' lang='lat'><strong>10</strong></span> <span class='ocrx_word' id='word_1_256' title='bbox 275 2193 404 2245; x_wconf 79' lang='lat' dir='ltr'><strong>(seu)</strong></span> <span class='ocrx_word' id='word_1_257' title='bbox 420 2193 610 2240; x_wconf 85' lang='lat' dir='ltr'><strong>quamdiu</strong></span> <span class='ocrx_word' id='word_1_258' title='bbox 624 2192 803 2230; x_wconf 79' lang='lat' dir='ltr'><strong>Schnelle.</strong></span> <span class='ocrx_word' id='word_1_259' title='bbox 884 2195 927 2228; x_wconf 93' lang='lat'><strong>11</strong></span> <span class='ocrx_word' id='word_1_260' title='bbox 950 2190 1012 2228; x_wconf 85' lang='lat' dir='ltr'><strong>vel</strong></span> <span class='ocrx_word' id='word_1_261' title='bbox 1026 2190 1132 2238; x_wconf 86' lang='lat' dir='ltr'><strong>quod</strong></span> <span class='ocrx_word' id='word_1_262' title='bbox 1146 2191 1288 2228; x_wconf 81' lang='lat' dir='ltr'><strong>Baehr.</strong></span> <span class='ocrx_word' id='word_1_263' title='bbox 1368 2194 1412 2226; x_wconf 84' lang='lat'><strong>12</strong></span> <span class='ocrx_word' id='word_1_264' title='bbox 1433 2191 1533 2228; x_wconf 78' lang='lat' dir='ltr'><strong>inter</strong></span> 
     </span>
     <span class='ocr_line' id='line_1_36' title="bbox 106 2241 1531 2290; baseline -0.004 -8"><span class='ocrx_word' id='word_1_265' title='bbox 106 2244 332 2282; x_wconf 88' lang='lat' dir='ltr'><strong>dicerentur</strong></span> <span class='ocrx_word' id='word_1_266' title='bbox 351 2249 386 2282; x_wconf 82' lang='lat' dir='ltr'><strong>et</strong></span> <span class='ocrx_word' id='word_1_267' title='bbox 406 2244 474 2281; x_wconf 85' lang='lat' dir='ltr'><strong>sed</strong></span> <span class='ocrx_word' id='word_1_268' title='bbox 496 2244 676 2280; x_wconf 77' lang='lat' dir='ltr'><strong>lacunam</strong></span> <span class='ocrx_word' id='word_1_269' title='bbox 695 2243 891 2290; x_wconf 69' lang='lat' dir='ltr'><strong>siqnifieat</strong></span> <span class='ocrx_word' id='word_1_270' title='bbox 909 2242 960 2278; x_wconf 89' lang='lat' dir='ltr'><strong>K.</strong></span> <span class='ocrx_word' id='word_1_271' title='bbox 972 2242 1033 2288; x_wconf 91' lang='lat' dir='ltr'><strong>II,</strong></span> <span class='ocrx_word' id='word_1_272' title='bbox 1054 2252 1121 2278; x_wconf 89' lang='lat' dir='ltr'><strong>seu</strong></span> <span class='ocrx_word' id='word_1_273' title='bbox 1143 2251 1414 2289; x_wconf 72' lang='lat' dir='ltr'><strong>quaecumque</strong></span> <span class='ocrx_word' id='word_1_274' title='bbox 1434 2241 1531 2278; x_wconf 81' lang='lat' dir='ltr'><strong>coni.</strong></span> 
     </span>
     <span class='ocr_line' id='line_1_37' title="bbox 106 2289 1533 2340; baseline -0.004 -7"><span class='ocrx_word' id='word_1_275' title='bbox 106 2296 245 2333; x_wconf 82' lang='lat' dir='ltr'><strong>Muell.</strong></span> <span class='ocrx_word' id='word_1_276' title='bbox 273 2296 380 2332; x_wconf 79' lang='lat' dir='ltr'><strong>Mus.</strong></span> <span class='ocrx_word' id='word_1_277' title='bbox 409 2295 529 2332; x_wconf 75' lang='lat' dir='ltr'><strong>Rhen.</strong></span> <span class='ocrx_word' id='word_1_278' title='bbox 560 2296 671 2338; x_wconf 83' lang='lat'><strong>1865,</strong></span> <span class='ocrx_word' id='word_1_279' title='bbox 698 2304 739 2340; x_wconf 93' lang='grc' dir='ltr'><strong>Ρ.</strong></span> <span class='ocrx_word' id='word_1_280' title='bbox 763 2295 847 2338; x_wconf 87' lang='grc'>156,</span> <span class='ocrx_word' id='word_1_281' title='bbox 877 2292 942 2329; x_wconf 82' lang='lat' dir='ltr'><strong>sed</strong></span> <span class='ocrx_word' id='word_1_282' title='bbox 967 2304 1000 2329; x_wconf 84' lang='lat' dir='ltr'><strong>v.</strong></span> <span class='ocrx_word' id='word_1_283' title='bbox 1028 2291 1186 2328; x_wconf 79' lang='lat' dir='ltr'><strong>eundem</strong></span> <span class='ocrx_word' id='word_1_284' title='bbox 1214 2291 1331 2328; x_wconf 82' lang='lat' dir='ltr'><strong>Uber</strong></span> <span class='ocrx_word' id='word_1_285' title='bbox 1357 2291 1430 2328; x_wconf 75' lang='lat' dir='ltr'><strong>den</strong></span> <span class='ocrx_word' id='word_1_286' title='bbox 1460 2289 1533 2327; x_wconf 82' lang='lat' dir='ltr'><strong>Ge-</strong></span> 
     </span>
     <span class='ocr_line' id='line_1_38' title="bbox 105 2340 1532 2390; baseline -0.005 -7"><span class='ocrx_word' id='word_1_287' title='bbox 105 2346 250 2384; x_wconf 79' lang='lat' dir='ltr'><strong>brauch</strong></span> <span class='ocrx_word' id='word_1_288' title='bbox 275 2357 350 2383; x_wconf 74' lang='lat' dir='ltr'><strong>von</strong></span> <span class='ocrx_word' id='word_1_289' title='bbox 375 2345 477 2390; x_wconf 46' lang='lat' dir='ltr'><strong>sive?</strong></span> <span class='ocrx_word' id='word_1_290' title='bbox 504 2344 632 2381; x_wconf 84' lang='lat' dir='ltr'><strong>Berol.</strong></span> <span class='ocrx_word' id='word_1_291' title='bbox 654 2346 766 2389; x_wconf 83' lang='grc'>1871,</span> <span class='ocrx_word' id='word_1_292' title='bbox 789 2355 829 2390; x_wconf 89' lang='grc' dir='ltr'><strong>Ρ.</strong></span> <span class='ocrx_word' id='word_1_293' title='bbox 849 2345 911 2380; x_wconf 71' lang='grc'><strong>28.</strong></span> <span class='ocrx_word' id='word_1_294' title='bbox 1017 2345 1062 2378; x_wconf 89' lang='grc'><strong>19</strong></span> <span class='ocrx_word' id='word_1_295' title='bbox 1090 2341 1169 2377; x_wconf 84' lang='grc'>13111</span> <span class='ocrx_word' id='word_1_296' title='bbox 1197 2340 1317 2377; x_wconf 85' lang='grc'>0113111</span> <span class='ocrx_word' id='word_1_297' title='bbox 1344 2342 1384 2377; x_wconf 88' lang='grc'><strong>01</strong></span> <span class='ocrx_word' id='word_1_298' title='bbox 1406 2341 1449 2377; x_wconf 84' lang='grc'><strong>111</strong></span> <span class='ocrx_word' id='word_1_299' title='bbox 1470 2341 1532 2386; x_wconf 84' lang='grc' dir='ltr'><strong>Μ,</strong></span> 
     </span>
     <span class='ocr_line' id='line_1_39' title="bbox 104 2370 1533 2439; baseline -0.004 -6"><span class='ocrx_word' id='word_1_300' title='bbox 104 2396 187 2433; x_wconf 85' lang='lat' dir='ltr'><strong>iam</strong></span> <span class='ocrx_word' id='word_1_301' title='bbox 207 2396 309 2433; x_wconf 88' lang='lat' dir='ltr'><strong>etin</strong></span> <span class='ocrx_word' id='word_1_302' title='bbox 328 2396 473 2438; x_wconf 71' lang='lat' dir='ltr'><strong>Livin„</strong></span> <span class='ocrx_word' id='word_1_303' title='bbox 494 2394 636 2431; x_wconf 82' lang='lat' dir='ltr'><strong>Baehr.</strong></span> <span class='ocrx_word' id='word_1_304' title='bbox 728 2396 774 2429; x_wconf 82' lang='grc'><strong>23</strong></span> <span class='ocrx_word' id='word_1_305' title='bbox 796 2403 897 2439; x_wconf 87' lang='lat' dir='ltr'><strong>quae</strong></span> <span class='ocrx_word' id='word_1_306' title='bbox 920 2393 972 2429; x_wconf 92' lang='lat' dir='ltr'><strong>K.</strong></span> <span class='ocrx_word' id='word_1_307' title='bbox 996 2404 1015 2430; x_wconf 82' lang='lat' dir='ltr'><strong>e</strong></span> <span class='ocrx_word' id='word_1_308' title='bbox 1034 2393 1116 2429; x_wconf 79' lang='lat' dir='ltr'><strong>suis</strong></span> <span class='ocrx_word' id='word_1_309' title='bbox 1136 2391 1222 2429; x_wconf 78' lang='lat' dir='ltr'><strong>Ad.</strong></span> <span class='ocrx_word' id='word_1_310' title='bbox 1313 2395 1360 2427; x_wconf 78' lang='lat'><strong>24</strong></span> <span class='ocrx_word' id='word_1_311' title='bbox 1382 2370 1533 2428; x_wconf 82' lang='lat' dir='ltr'><strong>domini</strong></span> 
     </span>
     <span class='ocr_line' id='line_1_40' title="bbox 105 2441 1531 2491; baseline -0.004 -8"><span class='ocrx_word' id='word_1_312' title='bbox 105 2446 174 2483; x_wconf 86' lang='lat' dir='ltr'><strong>alii</strong></span> <span class='ocrx_word' id='word_1_313' title='bbox 202 2446 250 2483; x_wconf 81' lang='lat' dir='ltr'><strong>al.</strong></span> <span class='ocrx_word' id='word_1_314' title='bbox 282 2458 311 2483; x_wconf 90' lang='lat' dir='ltr'><strong>s.</strong></span> <span class='ocrx_word' id='word_1_315' title='bbox 339 2446 399 2491; x_wconf 87' lang='lat' dir='ltr'><strong>W,</strong></span> <span class='ocrx_word' id='word_1_316' title='bbox 432 2445 574 2482; x_wconf 79' lang='lat' dir='ltr'><strong>Baehr.</strong></span> <span class='ocrx_word' id='word_1_317' title='bbox 765 2446 811 2479; x_wconf 83' lang='lat'><strong>29</strong></span> <span class='ocrx_word' id='word_1_318' title='bbox 848 2443 972 2490; x_wconf 89' lang='lat' dir='ltr'><strong>princ.</strong></span> <span class='ocrx_word' id='word_1_319' title='bbox 1004 2442 1094 2479; x_wconf 87' lang='lat' dir='ltr'><strong>fort.</strong></span> <span class='ocrx_word' id='word_1_320' title='bbox 1127 2441 1148 2478; x_wconf 77' lang='lat'><strong>‚9</strong></span> <span class='ocrx_word' id='word_1_321' title='bbox 1186 2442 1251 2487; x_wconf 79' lang='lat' dir='ltr'><strong>K,</strong></span> <span class='ocrx_word' id='word_1_322' title='bbox 1285 2453 1356 2479; x_wconf 83' lang='lat' dir='ltr'><strong>scr.</strong></span> <span class='ocrx_word' id='word_1_323' title='bbox 1389 2441 1531 2478; x_wconf 77' lang='lat' dir='ltr'><strong>Baehr.</strong></span> 
     </span>
    </p>
   </div>
   <div class='ocr_carea' id='block_1_7' title="bbox 106 2494 677 2546">
    <p class='ocr_par' dir='ltr' id='par_1_8' title="bbox 106 2494 677 2546">
     <span class='ocr_line' id='line_1_41' title="bbox 106 2494 677 2546; baseline -0.004 -13"><span class='ocrx_word' id='word_1_324' title='bbox 106 2499 152 2533; x_wconf 85' lang='lat'><strong>30</strong></span> <span class='ocrx_word' id='word_1_325' title='bbox 182 2496 345 2546; x_wconf 85' lang='lat' dir='ltr'><strong>[potest]</strong></span> <span class='ocrx_word' id='word_1_326' title='bbox 374 2496 508 2532; x_wconf 85' lang='lat' dir='ltr'><strong>tamen</strong></span> <span class='ocrx_word' id='word_1_327' title='bbox 536 2494 677 2531; x_wconf 77' lang='lat' dir='ltr'><strong>Baehr.</strong></span> 
     </span>
    </p>
   </div>
  </div>
 </body>
</html>
