1716 2742
225 128 316 172 266
671 123 710 161 Ο.
738 123 876 160 PLINI
901 123 968 160 ΕΤ
995 123 1210 160 TRAIANI

223 240 386 285 habere
420 240 552 284 etiam
589 239 669 282 illo
702 238 962 283 tristissimo
997 239 1175 283 saeculo
1209 238 1358 296 volui,
1383 237 1502 283 sicut
1526 241 1656 296 potes

224 302 399 347 duobus
433 300 733 345 matrimoniis
766 301 877 344 meis
912 300 1100 345 credere.
1167 299 1256 345 Sed
1289 301 1335 345 di
1366 300 1546 359 melius,
1579 301 1657 359 qui

225 366 375 409 omnia
416 364 592 422 integra
639 363 834 407 bonitati
884 365 987 407 tuae
1033 366 1338 421 reservarunt3
1387 363 1529 408 malui
1569 364 1658 408 hoc

223 427 374 485 potius
408 429 611 484 tempore
643 442 714 469 me
747 428 921 483 patrem
954 426 1072 483 fieri,
1106 441 1196 483 quo
1229 426 1407 471 futurus
1442 440 1586 471 essem
1613 429 1659 471 et

223 505 404 534 securus
439 492 484 532 et
518 488 639 532 felix.
1691 500 1708 528 5

793 567 918 607 HIA.
957 565 1083 619 [XX]

499 656 542 690 C.
564 656 770 691 PLINIUS
798 655 1023 691 TRAIANO
1052 656 1386 691 IMPERATORI.

317 726 382 772 Ut
401 727 600 784 primum
622 742 706 783 me,
727 726 919 783 domine,
948 726 1231 786 indulgentia
1256 729 1406 771 vestra
1431 727 1661 785 promovit

223 790 279 833 ad
311 789 638 847 praefecturam
672 789 831 833 aerarii
872 788 1075 847 Saturni,
1115 789 1323 833 omnibus
1357 789 1660 835 advocationi-

222 853 327 910 bus,
361 852 523 909 quibus
558 852 730 909 alioqui
755 867 1005 909 numquam
1032 867 1153 896 eram
1180 852 1437 910 promiscue
1463 852 1660 910 functus,
1686 870 1716 897 ι(

222 915 490 972 renuntiavi,
516 917 568 958 ut
593 917 691 958 toto
720 915 871 958 animo
900 915 1105 973 delegato
1127 914 1240 959 mihi
1261 914 1414 959 officio
1441 930 1659 960 vacarem.

223 977 322 1030 Qua
348 993 403 1021 ex
429 992 583 1035 causa,
609 992 711 1022 cum
738 980 980 1035 patronum
1009 993 1079 1022 me
1106 977 1406 1035 provinciales
1428 980 1662 1036 optassent

223 1043 381 1085 contra
412 1040 606 1084 Marium
634 1039 859 1097 Priscum,
886 1042 931 1084 et
956 1040 1068 1098 petii
1094 1041 1272 1084 veniam
1299 1040 1434 1086 huius
1461 1041 1660 1085 muneris

223 1106 267 1147 et
299 1103 548 1161 impetravi.
616 1101 724 1160 Sed,
745 1118 847 1147 cum
881 1105 1041 1160 postea
1074 1103 1233 1147 consul
1265 1103 1528 1163 designatus
1561 1117 1660 1147 cen-

223 1166 388 1210 suisset
419 1165 644 1224 agendum
676 1165 937 1223 nobiscum,
971 1181 1163 1223 quorum
1197 1168 1293 1210 erat
1332 1165 1562 1211 excusatio
1595 1181 1660 1209 re·
1687 1183 1716 1210 ιε

224 1230 373 1286 cepta,
411 1232 464 1272 ut
502 1243 700 1272 essemus
741 1228 788 1272 in
828 1232 1008 1273 senatus
1049 1230 1273 1286 potestate
1315 1231 1661 1287 pateremurque

223 1291 409 1336 nomina
430 1293 587 1335 nostra
610 1291 658 1335 in
684 1306 844 1335 urnam
868 1291 1034 1348 conici,
1061 1291 1537 1336 convenientissimum
1565 1307 1661 1337 esse

223 1353 546 1411 tranquillitati
587 1354 753 1398 saeculi
793 1354 861 1398 tui
894 1354 1053 1412 putavi
1085 1353 1350 1412 praesertim
1383 1356 1478 1398 tam
1510 1354 1661 1399 mode-

224 1419 348 1461 ratae
375 1417 601 1461 voluntati
634 1416 903 1474 amplissimi
937 1416 1107 1461 ordinis
1133 1432 1227 1461 non
1252 1431 1519 1475 repugnare.
1579 1416 1661 1461 Cui

226 1479 442 1537 obsequio
469 1494 569 1523 meo
600 1481 708 1537 opto
734 1481 786 1523 ut
814 1479 1043 1524 existimes
1072 1482 1278 1524 constare
1302 1480 1538 1538 rationem,
1558 1495 1660 1525 cum
1688 1496 1716 1523 ε(

226 1543 377 1587 omnia
400 1542 520 1587 facta
547 1541 757 1600 dictaque
786 1557 887 1586 mea
913 1542 1104 1599 probare
1131 1542 1426 1587 sanctissimis
1459 1542 1661 1587 moribus

225 1605 315 1649 tuis
350 1605 541 1662 cupiam.

791 1671 857 1711 ΠΙ
868 1671 914 1711 Β.
952 1669 1100 1724 [XXI]

711 1760 965 1795 TRAIANUS
993 1760 1183 1795 PLINIO.

321 1830 382 1874 Et
415 1830 526 1874 civis
560 1833 604 1874 et
638 1831 856 1875 senatoris
890 1830 998 1875 boni
1031 1830 1234 1888 partibus
1274 1831 1457 1875 functus
1498 1845 1544 1875 es
1585 1831 1660 1875 ob·
1687 1846 1716 1874 21

228 1893 433 1950 sequium
468 1893 736 1950 amplissimi
776 1893 965 1950 ordinis,
1001 1893 1121 1950 quod
1158 1893 1404 1938 iustissime
1442 1893 1662 1952 exigebat,

227 1954 507 2012 praestando.
574 1954 693 2008 Quas
727 1958 876 2013 partes
904 1955 1198 2013 impleturum
1223 1958 1268 2000 te
1296 1956 1541 2000 secundum
1569 1970 1663 2016 sus·
1710 1963 1712 1965 ’

229 2020 404 2075 ceptam
439 2018 574 2061 fidem
609 2019 799 2063 confido.

830 2110 904 2150 iv.
941 2107 1055 2162 [HL]

502 2197 545 2231 C.
568 2198 774 2232 PLINIUS
803 2199 1028 2233 TRAIANO
1057 2198 1389 2233 IMPERATORI.
1683 2209 1716 2236 80

324 2265 612 2325 Indulgentia
644 2270 742 2324 tua,
774 2269 1020 2326 imperator
1053 2269 1242 2326 optime,
1283 2283 1418 2326 quam
1458 2268 1662 2325 plenissi-

230 2345 351 2373 mam
383 2329 607 2386 experior,
634 2330 841 2374 hortatur
874 2347 961 2388 me,
995 2335 1048 2375 ut
1080 2331 1267 2375 audeam
1299 2331 1384 2375 tibi
1417 2330 1551 2375 etiam
1578 2346 1661 2388 pro

304 2452 502 2539 bssKmJIIui
529 2465 565 2498 a,
594 2454 646 2490 K.
663 2454 697 2498 I,
725 2454 868 2499 Hard„
895 2454 1068 2492 maluere
1096 2455 1315 2500 Ernestius,
1350 2454 1486 2499 Merr„
1514 2453 1661 2491 malue-

230 2515 304 2539 run
395 2531 402 2539 .
470 2531 476 2538 .
