1716 2742
49 828 86 856 10

51 1142 88 1170 15

56 1769 93 1797 25

542 130 907 168 EPISTULARUM
934 130 1023 167 VIII
1052 134 1110 167 14.
1449 129 1541 174 219

202 247 355 306 Atque
397 248 508 293 adeo
551 247 762 306 permitte
805 246 919 290 mihi
952 246 1018 289 sic
1059 245 1179 303 apud
1222 247 1265 289 te
1308 246 1541 301 tamquam
1571 253 1617 287 16

109 312 191 370 ibi,
236 311 302 356 sic
346 313 528 370 peracta
569 326 617 355 re
662 312 895 367 tamquam
928 308 1074 353 adhuc
1114 309 1290 366 integra
1321 306 1544 351 rationem

107 373 264 419 iudicii
296 374 385 419 mei
415 373 620 431 reddere,
663 387 867 431 quaeque
898 374 1009 416 tunc
1047 371 1238 428 carptim
1278 369 1432 414 multis
1467 368 1541 412 ob-

108 437 412 495 strepentibus
445 436 559 493 dixi,
589 451 711 480 nunc
743 451 824 493 per
857 435 1000 479 otium
1035 434 1231 492 iungere.
1297 431 1542 491 Fingamus
1572 442 1618 474 17

108 504 200 545 tres
233 500 419 544 omnino
452 499 623 544 iudices
650 499 698 543 in
723 499 841 543 hanc
869 512 1049 542 causam
1077 497 1205 541 datos
1233 511 1348 552 esse,
1380 495 1544 539 horum

109 563 190 607 uni
220 563 445 620 placuisse
478 562 624 620 perire
656 561 864 618 libertos,
896 560 1026 604 alteri
1059 559 1271 618 relegari,
1302 557 1437 602 tertio
1472 556 1544 600 ab·

111 625 247 684 solvi3
278 627 491 670 utrumne
524 624 771 670 sententiae
806 623 919 667 duae
953 623 1130 667 collatis
1158 621 1328 666 viribus
1355 619 1545 664 novissi-

111 703 232 732 mam
264 688 508 746 periment,
546 703 604 732 an
636 686 879 745 separatim
918 702 1009 730 una
1042 700 1246 743 quaeque
1278 683 1542 728 tantundem

111 753 331 809 quantum
359 751 500 795 altera
526 749 714 808 valebit,
739 764 823 794 nec
851 749 996 808 magis
1023 748 1192 806 poterit
1220 762 1322 792 cum
1350 745 1547 790 secunda

111 814 260 872 prima
304 813 480 859 conecti
526 828 661 871 quam
709 812 904 857 secunda
946 827 1050 856 cum
1094 810 1257 855 tertia?
1311 808 1458 868 Igitur
1499 807 1549 851 in
1577 816 1622 850 18

112 879 271 921 senatu
314 891 494 934 quoque
535 875 763 920 numerari
803 878 1035 933 tamquam
1079 873 1329 919 contrariae
1373 872 1550 926 debent,

113 955 228 998 quae
259 941 494 998 tamquam
527 939 727 983 diversae
767 938 991 983 dicuntur.
1057 936 1229 990 Quodsi
1261 950 1379 979 unus
1414 937 1549 991 atque

112 1002 231 1046 idem
278 1004 323 1046 et
366 1001 620 1059 perdendos
664 1003 866 1046 censeret
908 1003 954 1045 et
998 999 1283 1059 relegandos,
1338 1013 1447 1041 num
1495 1011 1550 1040 ex

112 1064 336 1110 sententia
366 1064 500 1109 unius
534 1067 579 1109 et
611 1065 758 1122 perire
785 1066 972 1122 possent
1004 1066 1050 1107 et
1081 1061 1302 1122 relegari?
1334 1075 1444 1104 num
1478 1059 1551 1103 de-

112 1128 251 1185 nique
283 1128 469 1172 omnino
512 1143 603 1172 una
636 1126 859 1171 sententia
898 1129 1153 1184 putaretur,
1196 1139 1310 1182 quae
1352 1126 1446 1167 tam
1487 1121 1550 1166 di-

113 1205 245 1235 versa
276 1190 600 1250 conjungeret?
634 1189 778 1243 Quem
812 1189 869 1234 ad
902 1189 1086 1234 modum
1113 1188 1272 1247 igitur,
1307 1201 1410 1231 cum
1438 1185 1552 1229 alter
1581 1192 1626 1226 19

114 1253 388 1311 perdendos,
420 1254 534 1298 alter
567 1255 748 1298 censeat
780 1252 1068 1311 relegandos,
1101 1250 1245 1295 videri
1277 1251 1429 1308 potest
1460 1263 1551 1291 uua

115 1316 358 1373 sententia,
396 1316 503 1374 quia
536 1316 702 1361 dicitur
741 1332 767 1360 a
800 1315 996 1373 duobus,
1039 1330 1153 1372 quae
1193 1328 1286 1358 non
1325 1311 1553 1355 videretur

114 1394 223 1437 una,
257 1379 295 1423 si
327 1379 383 1424 ab
417 1394 508 1423 uno
543 1377 795 1423 diceretur?
828 1377 977 1431 Quid?
1003 1378 1078 1422 lex
1109 1392 1203 1421 non
1235 1377 1389 1434 aperte
1423 1373 1554 1417 docet

116 1441 268 1486 dirimi
300 1441 462 1486 debere
495 1442 740 1486 sententias
785 1441 1030 1486 occidentis
1065 1443 1110 1484 et
1142 1437 1407 1498 relegantis,
1449 1451 1553 1481 cum

115 1505 180 1548 ita
205 1504 526 1549 discessionem
553 1505 651 1549 fieri
678 1504 820 1549 iubet:
860 1503 974 1557 ‘Qui
999 1503 1110 1547 haec
1138 1501 1334 1557 sentitis,
1363 1499 1411 1544 in
1436 1498 1554 1543 hanc

115 1569 309 1625 partem,
344 1568 422 1626 qui
455 1568 544 1612 alia
577 1568 749 1623 omnia,
781 1568 829 1611 in
862 1567 987 1611 illam
1019 1568 1194 1623 partem
1227 1564 1309 1622 ite,
1336 1578 1425 1620 qua
1458 1577 1554 1606 sen-

116 1629 267 1675 titis'?
311 1630 535 1675 Examina
567 1631 748 1690 singula
786 1629 924 1674 verba
964 1631 1008 1673 et
1047 1628 1267 1686 expende:
1312 1626 1412 1684 ‘qui
1443 1625 1556 1669 haec

118 1692 330 1751 sentitis’,
361 1693 449 1738 hoc
485 1696 554 1738 est
589 1694 669 1751 qui
694 1692 961 1751 relegandos
988 1691 1178 1749 putatis,
1222 1690 1291 1734 ‘in
1316 1689 1435 1734 hanc
1455 1703 1555 1746 par-

118 1759 211 1801 tem
220 1756 246 1814 ',
288 1756 335 1801 id
368 1759 438 1801 est
476 1757 525 1800 in
556 1771 676 1812 eam,
718 1756 766 1799 in
806 1770 897 1813 qua
939 1755 1082 1812 sedet,
1125 1753 1204 1812 qui
1238 1753 1414 1798 censuit
1444 1752 1555 1796 rele-

120 1819 306 1879 gandos.
370 1818 440 1863 Ex
476 1834 565 1877 quo
601 1818 889 1862 manifestum
924 1820 991 1862 est
1022 1832 1116 1862 non
1153 1830 1286 1874 posse
1318 1815 1367 1859 in
1399 1814 1555 1860 eadem
1583 1821 1631 1854 20

121 1884 249 1940 parte
299 1897 530 1927 remanere
582 1896 680 1938 eOS,
745 1881 823 1938 qui
881 1879 1216 1925 interficiendos
1269 1878 1556 1924 arbitrantur.

123 1944 235 1998 ‘Qui
268 1945 357 1988 alia
389 1943 579 1989 omnja':
619 1943 958 2000 animadvertis,
999 1945 1051 1987 ut
1092 1958 1185 1987 non
1227 1943 1441 1987 contenta
1482 1940 1557 1984 lex

122 2009 270 2053 dicere
307 2006 438 2051 ‘alia'
475 2006 697 2051 addiderit
725 2005 931 2050 ε0111111119.
983 2005 1109 2051 Ν11111
1136 2020 1244 2064 ergo
1273 2005 1462 2049 dubium
1489 2005 1558 2047 est

124 2071 213 2116 alia
245 2070 398 2115 omnia
437 2069 603 2114 sentire
636 2085 733 2127 eos,
775 2069 854 2127 qui
893 2069 1125 2126 occidunt,
1167 2083 1302 2125 quam
1337 2066 1416 2125 qui
1447 2066 1558 2110 rele-

124 2133 268 2194 gant?
314 2131 389 2177 ‘In
420 2132 547 2176 illam
585 2134 761 2190 partem
801 2134 885 2190 ite,
924 2147 1014 2190 qua
1053 2130 1270 2176 sentitis':
1302 2145 1454 2174 nonne
1493 2129 1556 2172 vi-

125 2198 258 2242 detur
301 2196 401 2254 ipsa
444 2195 520 2239 lex
571 2210 668 2252 eos,
721 2194 799 2253 qui
857 2195 1147 2251 dissentiunt,
1199 2194 1247 2237 in
1286 2191 1557 2237 contrariam

123 2263 298 2318 partem
341 2274 520 2316 vocare,
553 2273 734 2318 cogere,
775 2258 1037 2316 impellere?
1079 2273 1172 2301 non
1212 2255 1370 2300 consul
1409 2255 1558 2311 etiam,

125 2324 205 2368 ubi
238 2323 429 2382 quisque
454 2337 703 2380 remanere,
737 2337 826 2379 quo
852 2320 1107 2380 transgredi
1134 2319 1313 2376 debeat,
1344 2333 1438 2362 non
1463 2320 1560 2361 tan-

230 2476 275 2509 17
302 2471 524 2519 perdendos
555 2470 774 2516 Guenther„
800 2470 1022 2518 puniendos
1049 2469 1171 2515 codd„
1199 2469 1282 2506 edd.
1399 2471 1447 2504 24
1474 2477 1561 2503 sen-

125 2522 214 2560 titis
238 2522 443 2569 Schaefer„
470 2521 638 2558 censetis
666 2522 760 2559 Ma.
