1604 2652
574 479 999 530 PRAEFATIO.

179 666 336 717 Quibus
374 667 507 708 causis
544 667 753 719 permotus
790 667 886 718 post
926 665 968 706 C.
989 666 1033 706 F.
1054 667 1119 706 W.
1140 667 1327 707 Muelleri
1368 680 1485 708 curas

86 741 238 771 novun
274 728 384 769 Plini
418 727 588 769 Minoris
626 727 847 768 editionem
885 741 1092 780 pararem,
1125 741 1217 768 cum
1255 722 1347 770 aliis
1384 728 1486 770 locis

87 790 398 842 declaraverim,
445 803 529 830 non
579 791 660 840 est,
708 789 817 842 quod
866 790 1052 841 pluribus
1097 790 1311 842 explicem,
1362 803 1486 843 quam

86 853 175 905 ipse
204 852 250 892 in
280 851 524 893 recensendo
548 852 750 892 rationem
775 853 936 892 secutus
962 853 1051 892 sim.
1102 851 1267 892 Etenim
1298 852 1486 893 meliores

86 912 375 965 Epist-aaran
414 912 572 954 codices
613 914 657 952 in
698 913 799 953 duas
843 914 981 965 partes
1025 913 1230 954 discedere
1274 927 1323 953 ex
1364 913 1486 965 Kessi,

87 973 268 1028 Smgu,
293 972 476 1025 Othonis,
501 974 674 1014 Men-iffi
705 974 851 1015 studiis
878 976 1130 1027 compertum
1162 977 1204 1015 et
1229 975 1486 1027 exploratum

85 1035 292 1078 habmus.
354 1034 491 1088 Atque
528 1037 738 1088 propriam
770 1036 935 1088 quidem
971 1036 1170 1077 librorum
1201 1037 1257 1076 M
1271 1031 1348 1092 V¹)
1379 1037 1486 1077 hanc

84 1109 173 1139 ense
214 1095 380 1138 laudem
422 1098 628 1147 novimus,
674 1097 783 1149 quod
826 1097 1066 1150 plerumque
1110 1099 1325 1139 rectiorem
1367 1098 1485 1139 nobis

85 1171 212 1212 quun
254 1159 379 1200 ceneri
429 1159 586 1200 codices
636 1161 849 1211 praestant
897 1159 1114 1200 verborum
1164 1160 1365 1211 ordinem3
1416 1160 1486 1201 sed

84 1219 253 1273 perinde
296 1219 468 1272 adparet
510 1221 554 1260 in
597 1221 780 1272 ipsorum
824 1221 1116 1262 vocabulorum
1160 1221 1320 1262 delectu
1365 1221 1487 1263 classi

85 1281 251 1332 Bran)
275 1283 491 1333 maiorem,
522 1283 570 1322 ut
594 1282 678 1322 fere
703 1282 769 1333 fit,
799 1282 1057 1323 tribuendam
1085 1296 1170 1323 esse
1198 1284 1486 1324 auctoritatem

85 1355 212 1396 quam
239 1343 324 1384 illis
349 1343 404 1383 M
421 1342 466 1394 V,
492 1356 593 1395 quos
618 1357 701 1384 non
733 1344 959 1384 scribarum
990 1346 1153 1384 tantum
1183 1345 1349 1385 inscitia
1380 1346 1487 1386 sicut

83 1403 212 1446 libros
236 1403 331 1445 RF
356 1406 524 1446 vexatos
550 1405 620 1446 sed
653 1407 779 1446 etiam
811 1419 836 1446 a
862 1405 982 1446 docto
1016 1406 1194 1458 quodam
1226 1406 1485 1447 emendatore

83 1465 196 1508 haud
213 1478 308 1507 raro
328 1468 540 1518 comptos
559 1468 697 1518 potius
718 1480 841 1519 quam
868 1469 1069 1508 correctos
1090 1480 1175 1508 esse
1194 1468 1483 1521 perspeximus.

84 1526 175 1576 Qun
198 1541 243 1568 re
268 1526 322 1568 ad
347 1529 507 1568 textum
524 1529 602 1568 rite
623 1529 951 1569 constituendum
971 1531 1116 1570 neutro
1134 1530 1281 1570 horum
1300 1529 1485 1570 codicum

84 1602 231 1643 genere
262 1601 398 1630 carere
423 1602 648 1642 possumus.
706 1590 848 1641 Neque
882 1603 976 1630 vero
1002 1590 1129 1631 libros
1156 1593 1300 1643 quinto
1327 1591 1483 1632 decimo

84 1650 248 1692 saeculo
280 1651 455 1704 sen‘ptos
486 1664 617 1703 neque
650 1651 870 1691 editionem
902 1651 1097 1692 Aldinam
1127 1666 1260 1704 neque
1298 1654 1485 1706 exempla

82 1712 166 1754 iste
205 1713 301 1753 ante
340 1711 494 1753 Aldum
536 1725 725 1764 expressa
765 1713 978 1766 neglegere
1018 1714 1116 1754 licet
1152 1716 1203 1755 iis
1243 1716 1485 1767 praesertim

82 1773 202 1824 locis,
234 1773 382 1826 quibus
421 1773 578 1814 codices
617 1775 859 1815 vetustiores
898 1775 962 1815 vel
1001 1777 1131 1816 caecis
1168 1776 1287 1816 hiant
1325 1777 1484 1817 lacunis

83 1833 149 1874 vel
180 1835 346 1875 omnino
378 1834 581 1875 deficiunt.
644 1834 694 1875 In
725 1835 928 1886 Epistzdis
958 1835 1070 1876 Plini
1102 1837 1157 1877 ad
1187 1837 1416 1878 Traianum
1449 1841 1484 1878 et

85 1894 261 1936 Radani
291 1895 347 1935 ad
371 1895 551 1936 Plinium
576 1897 830 1938 recensendis
862 1910 970 1938 nunc
995 1898 1233 1951 Exemplari
1258 1899 1483 1941 Bodleiano

84 1955 126 1996 Β
150 1955 203 1997 ab
227 1955 408 1998 Hardeio
434 1959 594 2010 reperto
621 1960 739 2010 quasi
765 1960 913 2000 criseos
939 1959 1205 2001 fundamento
1225 1961 1482 2002 innitendum

82 2011 199 2072 eot’).
262 2016 312 2058 In
344 2019 565 2060 exercenda
595 2019 834 2071 Panegyrici
871 2023 1102 2062 recensione
1134 2025 1297 2074 praeter
1334 2036 1483 2075 parvas

82 2078 277 2132 reliquias
309 2079 566 2132 Palimpsesti
601 2081 863 2122 Ambrosiani
896 2084 1074 2134 optimus
1113 2085 1196 2124 iam
1235 2084 1483 2126 Baehrensio

82 2139 336 2193 probabatur
360 2140 485 2182 codex
506 2141 558 2193 A,
584 2155 705 2194 quem
730 2145 936 2195 proximos
962 2146 1078 2196 sequi
1098 2145 1166 2185 Μ’
1194 2148 1236 2186 et
1263 2146 1316 2187 W
1342 2145 1483 2187 Suster

82 2203 192 2243 recte
223 2201 374 2244 docuit.

182 2331 220 2379 1)
246 2330 335 2369 vide
361 2332 414 2369 ni·
445 2332 598 2370 Indices
627 2333 808 2381 aialon-um
833 2333 972 2381 p.X11‚
1001 2338 1083 2380 264,
1111 2338 1193 2372 820.
1321 2338 1356 2383 2)
1383 2337 1482 2384 vide,

84 2389 185 2427 quse
207 2378 256 2417 de
279 2379 393 2418 huius
414 2381 645 2428 exemplaris
668 2381 799 2419 indole
822 2394 868 2419 ac
890 2363 1041 2421 rati'one
1065 2386 1154 2431 post
1174 2384 1383 2422 Hardeium
1410 2398 1480 2423 nu·

83 2428 248 2475 pertine
267 2429 431 2477 protulit
450 2429 596 2468 Merrill
615 2431 799 2470 Gla-'sicat
813 2432 1012 2482 Philoloqy
1025 2434 1077 2471 ΙΙ
1098 2436 1244 2481 (1907),
1257 2446 1298 2482 p.
1316 2437 1387 2473 129
1398 2447 1474 2483 sqq.
