1716 2742
148 2362 165 2393 1

196 144 287 189 282
647 139 686 176 C.
707 139 846 176 PLINI
871 139 936 176 ET
964 138 1178 175 TRAIANI

197 256 290 300 sive
322 255 437 313 lapis
470 255 566 312 ipse
594 253 774 313 gracilis
808 256 854 298 et
882 254 1047 311 putris:
1082 253 1270 313 dignum
1302 255 1371 299 est
1400 255 1518 298 certe
1553 252 1623 298 de-

196 318 478 374 liberatione,
522 317 637 360 sitne
679 316 935 361 faciendum
977 333 1035 361 an
1080 317 1139 360 sit
1180 315 1525 374 relinquendum
1566 331 1624 360 an

196 381 329 425 etiam
372 379 701 424 destruendum
766 378 886 429 Nam
928 379 1123 423 fulturae
1165 394 1217 423 ac
1256 378 1625 436 substructioneS,

196 444 359 501 quibus
393 441 582 486 subinde
615 441 877 500 suscipitur,
910 457 1004 486 non
1028 445 1122 486 tam
1155 442 1311 486 firmae
1343 441 1456 486 mihi
1489 457 1621 499 quam

195 508 483 563 sumptuosae
516 504 736 549 videntur.
789 504 911 549 Huic
935 505 1112 549 theatro
1140 520 1195 548 ex
1221 505 1502 562 privatorum
1528 505 1625 562 pol-

193 567 518 612 licitationibus
545 568 688 612 multa
714 567 951 625 debentur,
977 570 1029 612 ut
1054 567 1265 612 basilicae
1285 567 1421 624 circa,
1447 568 1499 611 ut
1523 581 1625 625 por-

194 631 309 675 ticus
363 646 498 688 supra
550 645 742 675 caveam.
809 629 932 683 Quae
982 645 1104 675 nunc
1156 630 1308 674 omnia
1358 629 1627 674 differuntur

194 695 395 737 cessante
430 708 502 751 eo,
537 693 658 750 quod
690 695 794 737 ante
827 693 1133 753 peragendum
1167 695 1245 737 est.
1303 691 1445 737 Iidem
1465 691 1625 737 Nicae-

194 770 319 800 enses
366 756 653 815 gymnasium
704 755 912 800 incendio
965 756 1179 800 amissum
1233 757 1336 800 ante
1381 754 1625 799 adventum

195 834 343 862 meum
369 818 604 863 restituere
632 822 877 876 coeperunt
901 819 1038 878 longe
1064 818 1348 863 numerosius
1375 817 1624 875 laxiusque,

194 897 329 939 quam
355 881 519 939 fuerat,
547 884 592 925 et
617 881 707 926 iam
728 881 1009 939 aliquantum
1030 883 1348 939 erogaverunt,
1373 880 1624 938 periculum

194 947 280 999 est,
314 959 370 988 ne
398 960 558 1002 parum
584 944 777 1002 utiliter3
810 944 1164 1002 incompositum
1199 944 1319 988 enim
1347 946 1392 988 et
1418 958 1625 1002 sparsum

195 1009 272 1051 est.
341 1006 578 1051 Praeterea
613 1007 884 1052 architectus
929 1022 1034 1052 sane
1071 1007 1274 1052 aemulus
1317 1006 1433 1064 eius,
1474 1022 1501 1050 a
1534 1021 1623 1064 quo

195 1084 307 1127 opus
367 1069 629 1114 inchoatum
688 1073 773 1127 est,
833 1070 1040 1114 adfirmat
1098 1070 1291 1128 parietes
1351 1084 1624 1126 quamquam

193 1132 356 1192 viginti
399 1135 443 1176 et
485 1133 597 1177 duos
640 1132 774 1190 pedes
817 1133 934 1177 latos
975 1133 1190 1191 imposita
1229 1147 1366 1176 onera
1403 1132 1625 1177 sustinere

192 1210 286 1239 non
316 1210 469 1253 posse,
502 1195 608 1253 quia
641 1196 732 1240 sint
759 1198 990 1240 caemento
1024 1195 1161 1240 medii
1186 1195 1293 1239 farti
1318 1210 1402 1240 nec
1427 1197 1624 1239 testaceo

194 1273 327 1316 opere
360 1258 618 1316 praecincti.
686 1257 1066 1316 Claudiopolitani
1106 1273 1286 1316 quoque
1325 1258 1374 1302 in
1412 1257 1624 1316 depresso

192 1321 313 1378 1000,
361 1321 614 1366 inminente·
655 1321 790 1365 etiam
834 1324 987 1366 monte
1033 1322 1192 1380 ingens
1235 1321 1465 1365 balineum
1504 1319 1625 1365 defo-

194 1383 323 1428 diunt
356 1384 500 1443 magis
528 1399 664 1441 quam
691 1383 949 1442 aedificant,
981 1386 1026 1428 et
1053 1384 1235 1442 quidem
1262 1399 1317 1428 ex
1345 1399 1396 1427 ea
1421 1383 1624 1441 pecunia,

194 1461 329 1503 quam
362 1447 572 1491 buleutae
606 1446 747 1491 additi
778 1447 997 1491 beneficio
1031 1449 1111 1491 tuo
1140 1449 1218 1491 aut
1244 1446 1334 1491 13111
1363 1446 1626 1490 obtulerunt

194 1509 251 1553 ob
285 1509 522 1554 introitum
562 1512 640 1554 aut
678 1509 810 1554 nobis
847 1509 1131 1569 exigentibus
1172 1509 1423 1554 conferunt.
1486 1508 1624 1568 Ergo,

193 1586 295 1616 cum
328 1572 531 1630 timeam,
573 1588 629 1616 ne
663 1573 758 1616 illic
796 1573 981 1630 publica
1013 1572 1224 1630 pecunia,
1265 1572 1357 1626 hic,
1402 1571 1524 1629 quod
1557 1574 1625 1616 est

194 1635 318 1679 omni
350 1636 543 1693 pecunia
573 1635 829 1693 pretiosius,
863 1651 1026 1679 munus
1059 1638 1189 1679 tuum
1216 1635 1332 1679 male
1366 1635 1624 1692 collocetur,

194 1711 332 1757 cogor
352 1700 504 1756 petere
525 1714 551 1742 a
571 1701 637 1755 te,
668 1713 762 1742 non
783 1699 930 1743 solum
952 1698 1010 1742 ob
1030 1697 1278 1754 theatrum,
1310 1713 1466 1742 verum
1487 1697 1624 1742 etiam

194 1761 250 1805 ob
270 1761 382 1805 haec
401 1761 579 1805 balinea
608 1761 761 1806 mittas
788 1761 1085 1806 architectum
1112 1761 1439 1819 dispecturum,
1470 1763 1623 1804 utrum

194 1823 253 1868 sit
285 1823 441 1867 utilius
475 1826 580 1881 post
613 1826 865 1882 sumptum,
898 1823 976 1881 qui
995 1824 1142 1869 factus
1164 1826 1249 1881 est,
1284 1838 1467 1881 quoquo
1489 1823 1623 1867 modo

194 1901 504 1930 consummare
539 1902 694 1944 opera,
726 1889 777 1930 ut
810 1887 1023 1932 inchoata
1055 1889 1180 1944 sunt,
1213 1902 1291 1943 an,
1325 1901 1439 1944 quae
1471 1885 1624 1930 viden-

191 1951 267 2010 tur
286 1949 580 2007 emendanda,
606 1949 851 2008 corrigere,
883 1965 997 2007 quae
1017 1949 1345 2006 transferenda,
1370 1948 1625 2005 transferre,

194 2012 267 2068 n‘e,
315 2011 420 2057 dum
454 2027 631 2056 servare
663 2012 893 2070 volumus,
936 2012 1057 2070 quod
1091 2012 1346 2070 impensum
1379 2014 1464 2069 est,
1508 2012 1623 2055 male

195 2074 525 2132 impendamus,
558 2075 680 2132 quod
713 2075 966 2119 addendum
1001 2077 1079 2119 est.

750 2193 834 2232 XL.
878 2190 1062 2244 [XLIX]

671 2281 926 2315 TRAIANUS
954 2281 1144 2316 PLINIO.

290 2347 407 2400 Quid
435 2352 641 2406 oporteat
667 2350 764 2394 fieri
793 2351 911 2395 circa
937 2350 1183 2409 theatrum,
1218 2350 1340 2408 quod
1360 2350 1621 2395 inchoatum

196 2410 315 2486 apud
340 2409 610 2457 Nicaeenses
638 2415 722 2470 est,
757 2412 804 2456 in
830 2429 877 2457 re
905 2413 1131 2471 praesenti
1158 2413 1328 2471 optime
1355 2413 1621 2457 deliberabis

295 2525 315 2557 2
344 2521 628 2568 perficiendum
653 2523 711 2559 vel
739 2522 990 2560 efficiendum
1019 2523 1239 2570 Guenther„
1269 2524 1319 2570 cf.
1340 2524 1393 2561 ad
1413 2535 1455 2571 p.
1477 2526 1564 2570 281,
1586 2527 1620 2561 9.

1658 516 1673 544 5

1653 830 1688 856 10

1653 1142 1687 1170 15

1651 1457 1688 1484 20

1651 1770 1686 1797 25

1650 2082 1688 2109 30

1705 1772 1716 1886 1,
