1716 2742
190 138 280 184 276
633 133 671 172 C.
693 133 831 170 PLINI
857 133 922 170 ΕΤ
951 132 1165 170 TRAIANI

189 251 323 295 modo
356 265 412 295 ne
446 249 554 306 quid
596 248 696 292 ideo
737 250 814 291 aut
847 247 1122 292 intribuatur
1154 250 1232 292 aut
1265 247 1413 292 minus
1446 247 1537 292 illis
1570 247 1618 292 in

188 316 418 372 posterum
451 312 531 356 fiat
563 311 619 355 ad
652 310 923 355 necessarias
958 310 1252 369 erogationes.

776 426 904 466 xxv.
940 422 1028 481 [x]

462 516 504 550 C.
526 516 733 550 PLINIUS
761 515 986 550 TRAIANO
1014 515 1347 550 IMPERATORI.

285 585 500 631 Servilius
547 585 725 630 Pudens
770 586 965 645 legatus,
1013 586 1214 644 domine,
1258 584 1369 631 VIII
1410 586 1497 630 kal.
1532 585 1619 630 De·
1645 599 1662 627 5

190 649 388 694 cembres
408 648 723 693 Nicomediam
754 649 879 693 venit
911 664 1072 706 meque
1098 649 1261 708 longae
1294 648 1619 707 expectationis

189 711 494 757 sollicitudine
525 712 745 756 liberavit.

753 816 903 856 XXVI.
941 813 1051 868 [XL]

462 906 505 940 O.
527 904 735 940 PLINIUS
763 904 988 939 TRAIANO
1017 904 1350 939 IMPERATORI.

282 976 532 1021 Rosianum
555 974 811 1032 Geminum,
846 975 1044 1032 domine,
1072 975 1297 1019 artissimo
1323 975 1506 1020 vinculo
1533 990 1622 1019 me·
1649 993 1685 1019 ιο

190 1055 292 1085 cum
325 1042 405 1083 tua
431 1039 480 1082 in
506 1053 576 1082 me
602 1038 820 1082 beneficia
845 1038 1099 1082 iunxerunt.
1164 1037 1318 1082 Habui
1344 1038 1465 1082 enim
1492 1037 1622 1082 illum

190 1104 473 1160 quaestorem
512 1101 556 1144 in
593 1101 842 1145 consulatu.
907 1100 998 1144 Mei
1036 1116 1136 1145 sum
1176 1100 1624 1146 observantissimum

190 1167 411 1224 expertus.
477 1163 669 1208 Tantam
709 1163 821 1208 mihi
858 1166 964 1221 post
1003 1164 1288 1208 consulatum
1326 1163 1624 1207 reverentiam

191 1231 390 1287 praestat
442 1230 487 1271 et
538 1226 746 1284 publicae
799 1226 1143 1271 necessitudinis
1196 1226 1385 1285 pignera
1435 1226 1624 1284 privatis

192 1291 393 1336 cumulat
419 1289 595 1334 officiis.
629 1288 760 1348 Rogo
789 1304 917 1348 ergo,
948 1292 1000 1333 ut
1026 1288 1123 1347 ipse
1150 1289 1270 1347 apud
1295 1291 1341 1333 te
1367 1303 1450 1347 pro
1479 1288 1624 1347 digni·
1652 1305 1687 1332 ιε

191 1356 283 1398 tate
316 1353 411 1397 eius
451 1351 658 1410 precibus
697 1351 808 1396 meis
847 1352 1017 1409 faveas,
1064 1352 1137 1396 cui
1179 1354 1242 1410 et,
1285 1352 1324 1396 si
1364 1350 1474 1409 quid
1512 1350 1626 1396 mihi

193 1416 355 1474 credis,
401 1414 730 1473 indulgentiam
762 1417 888 1458 tuam
920 1414 1059 1459 dabis.
1124 1413 1266 1459 Dabit
1297 1414 1395 1472 ipsc
1429 1429 1626 1472 operam,

192 1482 245 1524 ut
276 1479 324 1522 in
357 1478 429 1535 iis,
465 1493 579 1535 quae
613 1477 654 1521 ei
686 1477 984 1535 mandaveris,
1018 1477 1189 1522 maiora
1221 1479 1455 1522 mereatur.
1520 1475 1626 1521 Par—

193 1541 360 1587 ciorem
393 1557 463 1585 me
496 1540 544 1584 in
582 1540 807 1584 laudando
840 1540 966 1598 facit,
1001 1540 1122 1597 quod
1156 1555 1287 1598 spero
1319 1539 1405 1584 tibi
1437 1542 1483 1584 et
1514 1539 1626 1584 inte-

195 1604 404 1664 gritatem
439 1604 533 1648 eius
568 1605 612 1647 et
650 1603 922 1661 probitatem
962 1605 1007 1647 et
1045 1603 1312 1647 industriam
1351 1617 1444 1647 non
1477 1602 1626 1647 solum
1652 1617 1690 1645 πο

195 1683 250 1712 ex
283 1667 377 1710 eius
410 1666 676 1723 honoribus,
711 1681 823 1723 quos
851 1666 899 1709 in
931 1666 1041 1710 urbe
1069 1665 1151 1709 sub
1180 1665 1322 1710 oculis
1355 1666 1446 1709 tuis
1474 1665 1626 1725 gessit,

195 1745 351 1773 verum
403 1729 538 1773 etiam
583 1744 639 1772 ex
685 1728 951 1773 commilitio
1004 1743 1099 1772 esse
1147 1728 1442 1773 notissimam.
1506 1726 1627 1772 fflud

195 1807 355 1849 unum,
399 1792 520 1848 quod
553 1794 739 1849 propter
772 1791 1003 1836 caritatem
1043 1791 1137 1835 eius
1177 1791 1379 1835 nondum
1418 1790 1532 1835 mihi
1563 1789 1627 1834 vi-

197 1855 305 1899 deor
337 1854 443 1898 satis
478 1854 610 1911 plene
637 1854 814 1910 fecisse,
849 1854 984 1898 etiam
1011 1856 1145 1911 atque
1173 1854 1308 1898 etiam
1334 1853 1451 1898 facio
1479 1855 1626 1911 teque,

197 1917 394 1974 domine,
447 1932 577 1975 rogo,
630 1917 822 1976 gaudere
869 1931 940 1960 me
986 1919 1200 1961 exornata
1243 1915 1492 1974 quaestoris
1538 1915 1628 1960 mei
1653 1931 1690 1959 25

199 1979 436 2086 diff-nitate,
478 1979 522 2022 id
570 1983 637 2023 est
679 1995 759 2037 per
803 1979 934 2023 illum
979 1995 1096 2037 mea,
1144 1994 1277 2037 quam
1326 1978 1627 2023 maturissime

197 2058 251 2086 ve
272 2057 322 2086 is.

690 2109 862 2148 XXVII.
903 2106 1130 2161 [XXXVI]

473 2195 515 2230 o,
537 2197 740 2231 PLINIUS
769 2197 993 2232 TRAIANO
1021 2197 1354 2232 IMPERATORI.

293 2265 535 2322 Maximus,
568 2266 755 2311 libertus
777 2270 821 2311 et
841 2270 1107 2325 procurator
1125 2270 1250 2325 tuus,
1278 2267 1477 2324 domine,
1503 2283 1627 2325 prae·
1654 2282 1691 2310 so

199 2331 268 2373 ter
301 2328 452 2373 decem
484 2328 813 2386 beneficiariOS‚
859 2345 971 2387 quos
1015 2330 1242 2390 adsignari
1285 2345 1311 2374 a
1352 2345 1423 2374 me
1457 2327 1628 2374 Gemel-

304 2468 348 2500 12
383 2463 609 2511 consulatu,
643 2465 722 2501 mei
756 2476 906 2502 summe
940 2465 1021 2503 obs.
1050 2478 1087 2512 a,
1116 2466 1218 2503 K.I.
1366 2469 1412 2503 26
1445 2476 1533 2503 mea
1566 2465 1628 2512 α’,

202 2526 332 2551 meum
360 2515 442 2551 Ba.
