1630 2678
58 95 110 115 g..

503 183 859 220 EPISTULARUM
885 183 920 220 11
949 188 982 229 1,
1009 187 1043 220 2.
1416 186 1471 230 31

74 297 124 341 iu
154 296 290 353 ’cant,
322 311 392 340 me
431 311 602 353 semper
638 295 909 340 nominabat.
979 294 1098 348 Quin
1135 296 1268 340 etiam
1308 296 1355 339 in
1391 295 1475 340 hac

73 357 178 416 ab*
203 357 317 402 sima
353 357 603 402 valetudine
642 358 826 413 veritus,
864 372 919 401 ne
958 357 1074 401 forte
1112 357 1227 401 inter
1259 357 1476 414 quinque-

73 418 194 466 viros
226 421 469 475 crearetur,
502 420 579 475 qui
611 418 859 462 minuendis
898 419 1087 476 publicis
1120 419 1372 476 sumptibus
1411 419 1475 462 iu-

73 478 192 525 m'cio
224 482 401 524 senatus
428 480 831 535 constituebantur,
862 495 963 524 cum
995 480 1061 524 illi
1092 482 1162 524 tot
1194 480 1322 524 amici
1350 495 1475 524 senes

28 554 52 584 ι
75 541 414 599 consularesque
447 544 741 598 superessent,
774 557 843 585 me
869 541 1002 584 huius
1034 542 1209 598 aetatis,
1233 556 1312 598 per
1345 556 1474 598 quem

0 613 3 616 ’
73 605 372 659 excusaretur,
399 603 534 661 elegit
557 602 627 646 his
654 602 830 659 quidem
856 603 1020 646 verbis:
1065 602 1236 646 ‘Etiam
1269 603 1307 646 si
1333 603 1475 646 filium

1501 303 1522 335 9

73 663 298 720 haberem,
324 663 407 708 tibi
433 663 714 708 mandarem.'
765 663 934 716 Quibus
961 679 1015 708 ex
1041 664 1183 708 causis
1207 678 1385 708 necesse
1411 667 1478 708 est
1505 672 1549 705 10

73 728 301 782 tamquam
332 725 598 769 inmaturam
631 727 817 769 mortem
851 726 944 769 eius
971 726 1017 768 in
1044 726 1142 768 sinu
1168 728 1246 769 tuo
1281 726 1476 782 defleam,

75 786 114 831 si
145 788 294 830 tamen
323 786 391 830 fas
422 789 490 830 est
521 789 597 830 aut
628 787 732 830 flere
764 789 841 830 aut
873 787 1053 830 omnino
1086 790 1274 830 mortem
1306 802 1476 843 vocare,

13 861 52 889 ιο
76 861 164 905 qua
193 847 308 894 tanti
345 847 428 891 viri
466 848 713 891 mortalitas
751 849 893 906 magis
931 848 1059 891 finita
1097 863 1229 904 qnam
1267 848 1360 892 vita
1398 851 1476 892 est.

75 907 202 952 Vivit
231 909 349 952 enim
381 909 586 966 vivetque
618 924 790 966 semper
822 912 954 966 atque
986 910 1119 953 etiam
1145 910 1278 953 latius
1311 910 1358 952 in
1390 925 1477 953 me-

75 970 218 1014 moria
252 969 482 1014 hominum
521 973 565 1014 et
604 985 804 1014 sermone
841 971 1106 1027 versabitur,
1145 974 1381 1028 postquam
1421 971 1476 1014 ab

77 1031 217 1076 oculis
247 1030 437 1076 recessit.

154 1090 291 1136 Volui
332 1092 415 1136 tibi
453 1093 593 1136 multa
637 1093 724 1136 alia
767 1093 972 1150 seribere,
1018 1094 1094 1137 sed
1138 1097 1259 1137 totus
1304 1094 1476 1137 animus

14 1166 50 1194 1⁶
74 1153 123 1197 in
164 1153 249 1198 hac
291 1168 380 1198 una
423 1155 796 1211 contemplatione
847 1155 1016 1199 defixus
1061 1158 1137 1198 est.
1214 1154 1476 1213 Verginium

76 1214 243 1274 cogito,
275 1214 538 1274 Verginium
570 1216 717 1270 video,
750 1216 1012 1275 Verginium
1045 1217 1131 1260 iam
1165 1216 1290 1260 vanis
1323 1216 1477 1274 imagi-

74 1275 227 1333 nibus,
262 1277 511 1321 recentibus
549 1279 714 1334 tamen,
754 1278 903 1334 audio,
946 1278 1180 1335 adloquor,
1218 1280 1366 1334 tene03
1405 1278 1477 1321 cui

74 1337 262 1381 fortasse
294 1338 411 1382 cives
443 1339 616 1395 aliquos
649 1339 889 1383 virtutibus
921 1354 1048 1396 pares
1088 1342 1131 1383 et
1175 1339 1388 1382 habemus
1433 1342 1477 1382 et

74 1397 356 1456 habebimus,
387 1400 530 1457 gloria
560 1400 792 1443 neminem.
857 1399 979 1444 Vale.

13 1532 53 1562 a·
748 1526 800 1566 Π.

426 1599 469 1634 c.
490 1601 692 1635 PLINIUS
719 1601 940 1634 PAULINO
970 1600 1064 1634 SUO
1093 1601 1131 1634 s.

154 1664 348 1724 Irascor,
383 1683 465 1712 nec
501 1669 643 1726 liquet
684 1669 812 1723 mihi,
850 1684 906 1711 an
944 1668 1144 1726 debeam,
1183 1669 1267 1713 sed·
1301 1669 1475 1714 irascor.

78 1725 192 1785 Scis,
219 1743 351 1786 quam
379 1730 438 1772 sit
463 1745 587 1773 amor
614 1730 792 1786 iniquus
819 1729 1059 1787 interdum,
1085 1730 1307 1787 impotens
1334 1746 1478 1788 saepe,

75 1790 329 1846 μικραίτιος
361 1805 543 1847 semper
607 1790 729 1834 Haec
761 1795 910 1834 tamen
942 1805 1073 1835 causa
1098 1807 1260 1850 magna
1286 1795 1371 1847 est,
1404 1807 1476 1836 ne-

15 1862 52 1891 se
77 1849 169 1893 scio
195 1865 252 1894 an
277 1851 409 1894 iusta.
437 1851 511 1894 sed
538 1866 640 1920 ego,
665 1855 889 1908 tamquam
915 1867 1005 1895 non
1030 1853 1175 1897 minus
1203 1854 1318 1897 iusta
1345 1868 1476 1910 quam

78 1924 239 1968 magna
271 1911 348 1966 sit,
379 1913 572 1969 graviter
604 1913 787 1969 irascor,
813 1913 930 1969 quod
958 1929 984 1957 a
1014 1916 1058 1958 te
1083 1917 1174 1958 tam
1209 1915 1284 1958 diu
1304 1914 1477 1958 litterae

77 1970 237 2015 nullae.
300 1970 495 2016 Exorare
529 1988 599 2016 me
630 1976 755 2030 potes
787 1989 876 2018 uno
909 1974 1059 2031 modo,
1093 1975 1129 2019 si
1161 1991 1280 2020 nunc
1319 1977 1474 2019 saltem

77 2032 291 2090 plurimas
324 2036 367 2077 et
395 2034 675 2092 longissimas
701 2035 883 2079 miseris.
946 2035 1067 2080 Haec
1093 2036 1203 2080 mihi
1230 2038 1325 2081 sola
1351 2051 1477 2080 excu-

78 2093 190 2138 satio
223 2109 343 2149 vera,
376 2098 544 2139 ceterae
575 2095 711 2140 falsae
750 2097 1027 2141 videbuntur.
1090 2097 1195 2141 Non
1227 2113 1323 2142 sum
1357 2098 1476 2141 audi-

17 2168 54 2197 ιο
77 2157 222 2199 turus:
248 2154 373 2199 Non
399 2171 516 2199 eram
545 2155 731 2201 Romae'
757 2159 845 2202 vel:
872 2157 1160 2215 ‘Occupatior
1186 2159 1339 2215 eram'3
1366 2159 1475 2203 illud

78 2215 196 2260 enim
232 2230 312 2261 nec
350 2217 394 2261 di
440 2217 605 2274 sinant,
647 2222 698 2262 ut
736 2218 1004 2263 infirmior’.
1079 2218 1179 2277 Ipse
1224 2220 1278 2263 ad
1324 2221 1475 2264 villam

177 2376 225 2410 14
260 2372 347 2411 volo
383 2374 621 2419 RFDna,
661 2376 779 2412 Merr.
907 2381 951 2413 16
991 2387 1073 2423 cog.
1112 2376 1224 2423 Verg.
1262 2388 1331 2413 om.
1370 2378 1472 2414 MV.

81 2422 126 2459 1⁸1
160 2421 380 2460 recentibus
415 2434 483 2459 om.
521 2424 618 2460 RF.
723 2428 767 2461 18
803 2425 953 2471 aliquos
987 2426 1087 2461 cives
1121 2426 1248 2471 RFp
1260 2438 1293 2471 r,
1328 2426 1474 2473 Stanyl,

79 2468 198 2510 Hm.
243 2470 378 2510 Muell.
502 2476 548 2508 80
581 2473 682 2509 enim
710 2485 783 2520 pro
815 2485 917 2510 eram
946 2475 995 2510 M
1002 2486 1064 2520 pt·
1095 2474 1255 2519 fortasse
1280 2480 1392 2520 recte,
1424 2476 1471 2519 cs.

1503 917 1547 950 11

1505 1101 1548 1133 12
