1716 2742
525 141 890 179 mmsrULARuM
914 141 1006 179 vm
1032 147 1142 180 4-6.
1460 146 1551 191 209

116 257 259 303 ‘Huic
289 259 471 302 senatus
505 258 562 302 ob
595 257 731 301 fidem
763 258 1067 315 pietatemque
1099 273 1206 317 erga
1238 261 1453 317 patronos
1484 275 1551 304 or-

114 322 327 365 namenta
357 320 584 390 praetoria
615 319 813 364 decrevit
845 323 891 364 et
922 320 1175 364 sestertium
1217 322 1384 366 centies
1424 323 1553 379 quin-

117 383 322 453 quagies,
367 382 495 428 cuius
539 383 711 427 honore
757 385 995 427 contentus
1040 383 1157 427 fuit.9
1237 383 1400 429 Postea
1440 386 1553 429 mihi
1580 397 1601 429 2

115 445 263 491 visum
309 447 379 490 est
422 446 618 503 pretium
664 460 826 504 operae
871 446 1021 504 ipsum
1068 449 1248 491 senatus
1294 448 1553 492 consultum

71 522 91 550 5
117 523 341 566 quaerere.
406 506 565 552 Inveni
610 511 704 552 tam
750 508 985 566 copiosum
1031 511 1077 552 et
1122 509 1331 567 effusum,
1378 513 1431 555 ut
1476 510 1553 555 ille

116 570 464 629 superbissimus
509 571 669 615 titulus
718 571 923 616 modicus
972 574 1107 629 atque
1153 572 1286 616 etiam
1320 546 1554 619 'demissus

118 633 354 678 videretur.
434 632 679 678 Conferant
731 649 777 678 se
829 628 1136 692 misceantque
1187 650 1281 679 non
1333 636 1433 680 dico
1485 636 1555 680 illi

117 698 309 754 veteres,
341 694 563 754 Africani,
596 695 804 754 Achaici,
835 696 1126 754 Numantini,
1159 698 1237 742 sed
1270 698 1318 741 hi
1345 699 1554 756 proximi,

117 758 268 817 Marii,
309 757 483 816 Sullae,
526 758 751 817 Pompeii,
793 760 901 804 nolo
943 760 1156 818 progredi
1198 761 1398 820 longius:
1438 761 1556 806 infra
1629 761 1633 763 ’

55 835 93 863 ιο
118 820 337 866 Pallantis
362 821 518 867 laudes
544 822 767 867 iacebunt.
813 821 1047 878 Urbanos,
1075 823 1151 880 qui
1173 823 1252 867 illa
1273 827 1555 882 censuerunt,
1583 836 1604 868 3

118 887 274 942 putem
307 900 366 928 311
397 884 617 929 miseros?
680 884 888 930 Dicerem
921 886 1136 943 urbanos,
1170 886 1209 930 si
1242 890 1447 931 senatum
1484 888 1556 932 de·

118 949 239 992 ceret
270 947 519 1003 uxbanitas3
553 947 762 1005 miseros,
795 948 873 992 sed
905 963 1038 992 nemo
1071 951 1165 992 tam
1207 950 1343 993 miser
1381 953 1466 1007 est,
1506 953 1558 994 ut

118 1009 198 1054 illa
229 1011 429 1069 cogatur.
495 1009 698 1055 Ambitio
732 1026 839 1070 ergo
874 1013 918 1054 et
950 1011 1221 1069 procedendi
1246 1013 1420 1057 libido?
1469 1011 1557 1057 Sed

119 1072 220 1131 quis
253 1072 364 1117 adeo
398 1073 600 1130 demens,
631 1076 684 1117 ut
715 1089 797 1131 per
822 1089 972 1131 suum,
999 1090 1080 1132 per
1106 1075 1340 1132 publicum
1367 1075 1557 1121 dedecus

58 1148 95 1176 15
120 1135 362 1193 procedere
395 1135 505 1180 velit
542 1136 591 1179 in
631 1152 682 1180 ea
721 1136 925 1194 civitate,
962 1137 1010 1180 in
1050 1153 1140 1194 qua
1178 1138 1253 1182 hic
1292 1142 1410 1182 esset
1448 1154 1556 1183 usus

120 1197 464 1243 florentissimae
498 1198 752 1257 dignitatis,
787 1202 839 1243 ut
877 1200 1050 1256 primus
1091 1201 1139 1244 in
1178 1203 1336 1245 senatu
1374 1201 1558 1246 laudare

120 1260 374 1305 Pallantem
406 1261 592 1319 posset?
654 1261 810 1319 Mitto,
843 1262 965 1319 quod
999 1262 1196 1307 Pallanti
1230 1279 1357 1308 servo
1385 1267 1558 1321 praeto·
1585 1275 1608 1307 4

119 1324 188 1368 ria
220 1327 486 1368 ornamenta
518 1324 768 1368 offeruntur
801 1323 990 1383 (quippe
1031 1326 1282 1370 offeruntur
1320 1343 1346 1370 a
1385 1326 1560 1387 servis),

121 1386 274 1444 mitto,
317 1387 439 1444 quod
478 1390 663 1431 censent
700 1403 794 1432 non
836 1388 1166 1432 exhortandum
1210 1389 1364 1447 modo,
1403 1405 1559 1434 verum

58 1461 96 1489 zo
121 1449 257 1494 etiam
284 1449 647 1507 compellendum
674 1450 730 1494 ad
756 1466 888 1495 usum
915 1466 1154 1495 aureorum
1180 1453 1418 1496 anulorum
1443 1451 1560 1511 (erat

122 1512 243 1556 enim
276 1514 435 1556 contra
474 1512 753 1557 maiestatem
794 1516 995 1570 senatus,
1035 1514 1073 1557 si
1110 1514 1268 1558 ferreis
1307 1515 1559 1573 praetorius

122 1574 362 1634 uteretur).
407 1575 525 1619 levia
569 1576 680 1620 haec
719 1578 765 1620 et
806 1577 1098 1634 transeunda,
1139 1577 1219 1621 illa
1258 1578 1560 1635 memoranda,
1588 1589 1609 1621 5

123 1637 247 1708 quod
290 1638 474 1682 nomine
518 1637 738 1682 Pallantis
784 1641 965 1683 senatus
1013 1637 1117 1698 (nec
1172 1641 1353 1698 expiata
1403 1645 1561 1699 postea

124 1700 249 1745 curia
281 1698 391 1759 est),
422 1699 641 1745 Pallantis
673 1701 856 1745 nomine
890 1704 1071 1746 senatus
1111 1703 1279 1762 gratias
1322 1703 1418 1763 agit
1457 1702 1562 1748 Gae-

60 1775 98 1804 15
124 1763 225 1821 sari,
258 1763 380 1821 quod
413 1766 458 1807 et
489 1763 587 1821 ipse
620 1779 722 1808 cum
756 1779 932 1808 summo
965 1764 1138 1810 honore
1164 1765 1436 1811 mentionem
1467 1766 1561 1811 eius

123 1828 390 1884 prosecutus
424 1828 540 1870 esset
573 1829 618 1870 et
649 1827 826 1870 senatui
851 1827 1113 1872 facultatem
1145 1828 1326 1873 fecisset
1364 1829 1561 1874 testandi

125 1903 232 1947 erga
257 1904 360 1932 eum
385 1888 745 1932 benevolentiam
773 1905 911 1934 suam.
971 1889 1089 1943 Quid
1115 1891 1235 1935 enim
1262 1892 1438 1936 senatui
1464 1893 1562 1950 pul-
1590 1904 1611 1936 6

126 1951 295 2008 chrias,
323 1966 459 2008 quam
486 1954 537 1995 ut
563 1966 670 2010 erga
695 1950 948 1997 Pallantem
981 1954 1090 1998 satis
1118 1957 1272 2012 gratus
1305 1954 1563 1999 videretur?

126 2013 342 2058 Additur:
379 2012 466 2059 ‘Ut
490 2013 660 2070 Pallas,
693 2015 765 2059 cui
799 2030 846 2059 se
872 2030 1027 2060 omnes
1060 2031 1143 2074 pro
1177 2017 1299 2060 virili
1324 2020 1454 2074 parte
1487 2018 1563 2061 ob-

62 2089 100 2118 so
124 2076 291 2136 ligatos
330 2076 547 2134 fatentur,
590 2076 831 2136 singularis
874 2078 994 2136 fidei,
1035 2079 1276 2138 singularis
1316 2080 1563 2124 industriae

126 2139 325 2184 fructum
357 2139 646 2183 meritissimo
679 2140 823 2184 ferat?
869 2140 1076 2186 Prolatos
1103 2143 1283 2200 imperii
1307 2142 1439 2199 fines,
1466 2143 1563 2187 red-

127 2202 245 2247 ditos
288 2202 509 2246 exercitus
552 2203 618 2246 rei
662 2203 871 2260 publicae
917 2204 1084 2249 credas.
1162 2204 1428 2249 Adstruitur
1471 2205 1563 2250 his:

129 2263 264 2309 ‘Cum
302 2265 478 2309 senatui
516 2265 778 2322 populoque
821 2264 1026 2311 Romano
1069 2267 1351 2311 liberalitatis
1395 2268 1566 2327 gratior
1593 2280 1613 2312 7

230 2380 250 2412 7
279 2375 381 2413 conf.
409 2387 450 2412 se
476 2376 747 2423 misceantque
773 2389 811 2421 a,
839 2377 891 2414 K.
913 2378 973 2423 ΙΙ,
1007 2377 1289 2425 conferantque
1323 2378 1565 2426 (conferunt-

130 2438 206 2473 que
230 2427 266 2474 r)
293 2437 334 2463 se
362 2427 416 2464 M
420 2438 452 2471 1
481 2425 686 2464 conferant
712 2438 754 2463 se
781 2427 932 2473 Gatan„
960 2429 1013 2465 K.
1034 2430 1070 2473 1,
1097 2428 1199 2465 conf.
1223 2429 1496 2476 misceantque
1523 2441 1564 2467 se

133 2476 582 2522 otto,Muell.14
608 2478 654 2513 ut
680 2478 749 2514 aut
774 2488 845 2524 per
871 2489 985 2514 suum
1013 2480 1083 2515 aut
1108 2490 1179 2526 per
1205 2491 1240 2516 a.
1376 2483 1423 2516 27
1452 2490 1564 2516 suam

130 2538 201 2564 om.
223 2527 276 2563 M
282 2539 315 2572 r
342 2527 395 2564 K.
417 2527 451 2563 Ι.

207 2603 357 2630 Pmms
377 2602 499 2629 Minoa
516 2607 574 2630 En.
589 2604 757 2631 KuquA.
1295 2611 1340 2642 14
