1716 2736
242 148 330 192 192
855 142 893 179 c
922 142 1059 179 PLINI

237 259 358 303 vidio
393 259 572 314 marito,
601 257 798 301 Thrasea
824 259 951 314 patre
979 256 1288 315 dignissimus,
1314 257 1490 314 reliqua
1514 257 1671 301 labun-

236 326 311 366 tur
344 337 502 378 meque
536 335 628 363 non
661 322 783 363 metu
815 322 1011 372 tantum,
1038 334 1194 363 verum
1222 319 1357 363 etiam
1385 319 1540 364 dolore
1568 334 1670 364 con-

187 398 210 430 4
237 385 407 429 ficiunt.
473 383 617 426 Doleo
662 382 778 425 enim
825 381 1038 425 feminam
1087 382 1328 426 maximam
1373 382 1485 440 eripi
1527 382 1670 427 oculis

187 647 207 679 5

186 1521 207 1553 8

187 1773 207 1804 9

164 2085 209 2118 10

239 447 433 492 civitatis
468 445 619 489 nescio
655 460 713 488 an
739 444 911 501 aliquid
939 444 1085 489 simile
1113 444 1289 488 visuris.
1337 443 1459 497 Quae
1488 445 1670 489 castitas

236 510 323 566 illi,
357 524 469 566 quae
497 507 733 564 sanctitas,
761 509 929 564 quanta
956 506 1174 566 gravitas,
1201 509 1370 564 quanta
1397 507 1668 552 constantia!
1697 525 1712 551 5

236 572 314 615 Bis
349 570 561 614 maritum
595 572 748 614 secuta
780 569 827 613 in
862 569 1046 613 exilium
1081 571 1166 626 est,
1199 570 1334 614 tertio
1362 570 1462 627 ipsa
1486 572 1673 628 propter

237 634 446 677 maritum
478 633 688 691 relegata.
733 631 872 689 Nam,
907 647 1009 676 cum
1037 631 1224 676 Senecio
1252 647 1354 676 reus
1388 635 1518 690 esset,
1551 632 1671 690 quod

236 697 288 740 de
329 696 421 739 vita
460 694 645 739 Helvidi
676 695 816 739 libros
851 695 1198 752 composuisset,
1231 697 1533 754 rogatumque
1566 710 1613 739 se
1647 712 1672 739 a

235 758 406 802 Fannia
426 758 473 801 in
493 757 752 803 defensione
774 757 973 815 dixisset,
994 760 1234 815 quaerente
1255 757 1491 802 minaciter
1509 756 1670 802 Mettio

236 821 366 878 Caro,
409 836 466 864 an
506 823 728 880 rogasset,
765 820 1018 878 respondit:
1070 819 1306 879 eRogavi',
1347 836 1405 864 an
1447 835 1670 865 commen-

234 884 373 928 tarios
425 883 650 942 scripturo
708 883 920 927 dedisset:
975 882 1147 940 ‘Dedi’‚
1194 898 1251 927 an
1297 883 1466 927 sciente
1510 885 1671 927 matre:

236 946 538 1004 eNesciente’3
565 948 795 1004 postremo
823 946 995 989 nullam
1018 961 1175 990 vocem
1206 945 1438 990 cedentem
1469 946 1671 1004 periculo

235 1009 395 1053 emisit.
462 1008 581 1062 Quin
622 1008 757 1053 etiam
797 1009 900 1053 illos
942 1009 1064 1066 ipsos
1104 1009 1268 1065 libros,
1307 1023 1582 1066 quamquam
1617 1024 1672 1053 ex
1709 1055 1712 1058 Α

234 1071 499 1116 necessitate
526 1075 571 1115 et
597 1074 720 1116 metu
747 1074 1003 1129 temporum
1031 1071 1225 1115 abolitos
1247 1074 1427 1116 senatus
1449 1071 1671 1128 consulto,

235 1134 476 1192 publicatis
513 1134 643 1178 bonis
694 1134 909 1191 servavit,
949 1133 1110 1179 habuit
1150 1134 1347 1191 tulitque
1392 1135 1441 1178 in
1485 1134 1671 1178 exilium

235 1197 359 1241 exilii
405 1211 597 1254 causam.
676 1196 846 1241 Eadem
893 1212 1028 1254 quam
1075 1196 1289 1252 iucunda,
1336 1211 1471 1254 quam
1518 1197 1671 1254 comis,

235 1276 369 1317 quam
416 1259 626 1317 denique,
674 1259 795 1317 quod
847 1260 1003 1317 paucis
1050 1259 1206 1303 datum
1252 1261 1340 1317 est,
1383 1274 1477 1303 non
1522 1259 1671 1303 minus

234 1322 438 1367 amabilis
473 1338 609 1379 quam
642 1322 912 1367 veneranda!
958 1321 1135 1380 Eritne,
1170 1337 1306 1379 quam
1338 1324 1496 1379 postea
1523 1322 1672 1366 uxori·
1711 1334 1714 1337 ’

232 1386 315 1429 bus
349 1386 518 1429 nostris
552 1387 779 1429 ostentare
813 1384 1074 1442 possimus?
1124 1385 1227 1442 erit,
1261 1400 1287 1428 a
1320 1400 1410 1442 qua
1442 1384 1529 1428 viri
1562 1399 1671 1442 quo-

236 1463 320 1505 que
353 1447 632 1492 fortitudinis
668 1448 875 1505 exempla
908 1447 1170 1491 sumamus?
1224 1462 1359 1504 quam
1392 1447 1458 1491 sic
1490 1462 1670 1492 cernen-

236 1514 302 1555 tes
338 1511 659 1568 audientesque
693 1510 908 1554 miremur
940 1513 991 1554 ut
1023 1511 1143 1566 illas,
1173 1525 1288 1567 quae
1314 1509 1559 1569 leguntur?
1604 1508 1673 1555 Ac

236 1573 347 1616 mihi
406 1574 564 1617 domus
623 1573 722 1630 ipsa
772 1575 932 1617 nutare
985 1573 1289 1630 convulsaque
1347 1572 1527 1617 sedibus
1575 1573 1672 1618 'suis

235 1636 409 1679 ruitura
461 1651 596 1693 supra
647 1636 842 1693 videtur,
894 1636 1002 1680 licet
1048 1636 1194 1679 adhuc
1238 1637 1445 1693 posteros
1496 1635 1671 1680 habeat.

238 1698 426 1750 Quantis
473 1699 592 1741 enim
639 1698 884 1743 virtutibus
933 1698 1203 1755 quantisque
1248 1697 1380 1742 factis
1428 1698 1672 1755 adsequen-

236 1763 329 1817 tur,
375 1764 426 1803 ut
469 1761 580 1804 haec
625 1777 717 1805 non
759 1761 1006 1805 novissima
1052 1760 1297 1805 occiderit?
1370 1760 1443 1805 Me
1490 1761 1672 1818 quidem

236 1823 349 1867 illud
384 1823 518 1867 etiam
552 1823 729 1882 adfligit
755 1826 799 1867 et
825 1826 1019 1881 torquet,
1047 1824 1169 1882 quod
1195 1826 1385 1868 matrem
1413 1823 1522 1880 eius,
1547 1823 1672 1868 illam

237 1885 374 1944 (nihil
400 1901 584 1943 possum
612 1886 847 1930 inlustrius
876 1885 1043 1945 dicere)
1070 1889 1222 1931 tantae
1249 1886 1442 1930 feminae
1469 1889 1673 1944 matrem,

236 1963 390 1993 rursus
418 1948 572 1992 videor
599 1949 822 2006 amittere,
857 1965 992 2007 quam
1026 1949 1158 2006 haec,
1189 1952 1242 1993 ut
1271 1949 1420 1993 reddit
1452 1963 1504 1994 ac
1535 1949 1673 1994 refert

235 2011 387 2068 nobis,
434 2011 499 2054 sic
544 2011 716 2055 auferet
760 2026 912 2056 secum
959 2027 1120 2070 meque
1166 2015 1212 2056 et
1255 2026 1375 2056 novo
1417 2011 1586 2069 pariter
1629 2014 1674 2056 et

236 2074 426 2118 rescisso
467 2074 652 2117 vulnere
692 2074 880 2118 adficiet.
960 2074 1211 2132 Utramque
1252 2074 1392 2131 colui,
1435 2076 1672 2132 utramque

238 2136 392 2180 dilexi:
439 2138 587 2180 utram
636 2137 777 2194 magis
787 2171 799 2193 ,
842 2137 1013 2194 nescio,
1066 2152 1148 2182 nec
1201 2137 1394 2182 discerni
1446 2137 1671 2181 volebant.

237 2198 506 2242 Habuerunt
546 2198 697 2242 officia
737 2214 835 2243 mea
876 2200 923 2243 in
962 2200 1190 2257 secundis,
1229 2199 1487 2244 habuerunt
1518 2200 1566 2243 in
1599 2199 1672 2243 ad·

237 2262 388 2305 versis.
429 2260 529 2320 Ego
551 2261 770 2305 solacium
790 2262 1102 2320 relegatarum,
1124 2277 1208 2321 ego
1229 2263 1352 2306 ultor
1371 2277 1672 2319 reversarum3

238 2339 330 2367 non
368 2323 455 2368 feci
486 2326 638 2367 tamen
671 2324 797 2381 paria
831 2327 965 2382 atque
999 2340 1051 2369 eo
1087 2325 1230 2384 magis
1264 2325 1380 2368 hanc
1414 2325 1548 2382 cupio
1584 2341 1672 2369 ser-

339 2476 360 2507 2
387 2483 466 2507 non
492 2472 601 2508 metu
627 2472 783 2507 tantum
805 2471 846 2508 D
853 2483 968 2519 pra,
996 2484 1074 2509 non
1101 2473 1257 2510 tantum
1285 2483 1379 2509 cura
1401 2473 1460 2509 M.
1566 2477 1589 2510 4
1615 2473 1671 2510 vi-

240 2532 351 2556 surus
378 2521 419 2557 D
426 2533 455 2568 p
467 2533 497 2558 r.
603 2524 648 2557 33
677 2520 862 2558 solatium
891 2522 931 2558 D
941 2534 1052 2569 pra,
1080 2523 1209 2559 socius
1239 2523 1297 2560 M.

1700 2089 1716 2116 3
