1716 2742
25 828 64 856 10

26 1143 62 1172 15

26 1459 64 1487 20

472 130 830 170 PANEGYRICUS
859 136 918 178 61,
933 142 951 169 8
966 154 1010 160 —
1029 135 1087 178 63,
1103 142 1130 169 3.
1420 132 1512 179 375

7 242 14 245 ’
87 246 216 292 vobis
243 249 380 292 erant.
424 246 616 307 Magnus
643 248 800 305 utique
831 246 979 292 honor
1010 250 1176 306 vester,
1208 247 1300 292 sive
1333 247 1513 292 eosdem
1541 259 1562 292 6

89 309 280 355 maxime
323 309 491 368 diligit,
534 326 646 368 quos
687 311 772 356 scit
810 311 937 356 vobis
971 326 1066 355 esse
1106 311 1378 382 carissimos,
1421 310 1514 355 sive

87 372 178 418 ilh‘s
210 372 436 417 neminem
477 373 690 431 praefert,
730 374 934 430 quamvis
974 374 1170 445 aliquem
1204 374 1347 433 magis
1382 376 1511 418 amet

88 434 328 494 Proposita
379 439 485 480 sunt
531 437 781 480 senioribus
826 437 1043 494 praemia,
1087 437 1322 482 iuvenibus
1369 452 1513 481 exem·
1543 449 1563 481 7

87 498 176 556 pla.
239 496 438 556 Adeant,
472 498 758 556 frequentent
793 514 970 543 securas
1007 500 1187 544 tandem
1225 515 1275 545 ac
1310 502 1514 558 patentes

87 560 258 606 domos.
323 559 536 632 Quisquis
579 561 792 619 probatos
834 563 1008 607 senatui
1047 563 1167 607 viros
1202 563 1409 621 suscipit,
1440 562 1516 607 hic

87 623 281 668 maxime
319 623 569 682 principem
611 627 902 682 promeretur.
969 624 1065 669 Sibi
1108 625 1226 670 enim
1266 640 1515 671 accrescere
1542 636 1564 670 8

87 689 230 745 putat,
273 687 394 745 quod
427 687 590 744 cuique
629 687 904 745 adstruatur,
943 689 1202 747 nullamque
1241 689 1288 732 in
1328 704 1379 733 eo
1421 689 1515 759 glo-

86 749 201 794 riam
246 749 394 808 ponit,
447 749 568 808 quod
614 750 673 794 sit
725 750 934 794 omnibus
986 752 1148 809 maior,
1198 751 1286 795 nisi
1331 751 1516 796 maximi

88 812 276 870 fuerint,
328 812 490 870 quibus
536 813 680 857 maior
725 815 803 857 est.
878 813 1054 871 Persta,
1101 813 1278 872 Caesar,
1331 815 1379 858 in
1429 814 1517 858 ista
1544 825 1565 859 9

87 875 260 920 ratione
318 875 540 934 propositi
597 876 799 934 talesque
857 891 939 920 nos
993 877 1141 934 crede,
1193 877 1337 934 qualis
1395 877 1516 921 fama

88 938 306 997 cuiusque
351 941 430 983 est.
505 937 625 983 Huic
671 955 818 997 aureS,
861 939 967 984 huic
1014 940 1168 984 oculos
1215 939 1413 984 intende:
1459 955 1516 984 ne

87 1001 336 1060 respexeris
375 1001 676 1046 clandestinas
716 1002 1068 1047 existimationes
1108 1003 1333 1061 nullisque
1373 1002 1516 1062 magis

88 1079 223 1123 quam
263 1064 547 1109 audientibus
587 1064 850 1109 insidiantes
890 1080 1107 1110 susurros.
1172 1065 1334 1110 Melius
1376 1065 1516 1110 omni-

88 1127 174 1173 bus
227 1141 361 1186 quam
415 1127 605 1187 singulis
658 1127 871 1185 creditur3
923 1129 1091 1188 singuli
1143 1128 1261 1172 enim
1314 1128 1517 1187 decipere

89 1193 134 1236 et
185 1190 333 1249 decipi
390 1193 599 1248 possunt:
658 1206 791 1235 nemo
846 1206 1019 1249 omnes,
1077 1192 1303 1236 neminem
1362 1206 1516 1236 omnes

88 1253 356 1298 fefellerunt.

182 1315 448 1361 Praevertor
493 1316 582 1361 iam
633 1317 687 1361 ad
742 1317 1026 1362 consulatum
1072 1320 1222 1374 tuum,
1282 1317 1367 1361 etsi
1412 1318 1518 1361 sunt
1531 1313 1592 1363 63

90 1378 308 1437 quaedam
343 1379 399 1424 ad
433 1380 716 1424 consulatum
751 1380 931 1438 quidem
964 1379 1252 1438 pertinentia,
1286 1382 1389 1424 ante
1416 1394 1518 1424 con-

91 1443 288 1488 sulatum
320 1444 492 1500 tamen,
525 1442 573 1486 in
598 1443 755 1501 primis
785 1443 904 1500 quod
932 1443 1128 1487 comitiis
1155 1443 1245 1486 tuis
1274 1442 1519 1487 interfuisti

78 1505 353 1557 ,candidatus
395 1520 488 1550 non
530 1506 790 1550 consulatus
829 1508 1027 1563 tantum,
1071 1506 1147 1550 sed
1180 1505 1518 1550 inmortalitatis

90 1571 135 1614 et
161 1568 332 1628 gloriae
358 1571 403 1613 et
429 1568 643 1627 exempli,
678 1568 799 1626 quod
826 1571 1119 1626 sequerentur
1145 1568 1372 1626 principes
1397 1567 1519 1623 boni,

91 1631 199 1676 mali
240 1631 521 1676 mirarentur.
587 1631 716 1675 Vidit
757 1634 801 1675 te
843 1632 1038 1689 populus
1079 1631 1309 1675 Romanus
1352 1631 1400 1674 in
1442 1630 1520 1674 illa
1546 1643 1568 1675 2

89 1696 239 1739 vetere
270 1694 508 1753 potestatis
543 1709 648 1739 suae
683 1694 804 1748 sede;
838 1709 1076 1752 perpessus
1111 1709 1157 1738 es
1183 1694 1372 1753 longum
1406 1692 1519 1737 illud

90 1771 270 1802 carmen
308 1757 596 1802 comitiorum
641 1772 723 1802 nec
756 1757 845 1801 iam
885 1756 1164 1801 inridendam
1204 1771 1377 1800 moram
1418 1771 1520 1801 con·

91 1821 251 1878 sulque
284 1821 350 1865 sic
381 1820 527 1865 factus
562 1835 608 1864 66
642 1822 693 1864 ut
725 1834 840 1864 unus
875 1835 930 1864 ex
956 1820 1105 1877 nobis,
1140 1834 1251 1877 quos
1279 1819 1390 1864 facis
1418 1834 1520 1864 con-

92 1884 223 1928 sules.
288 1882 462 1936 Quotus
490 1883 680 1941 quisque
707 1883 961 1940 principum
990 1882 1345 1927 antecedentium
1381 1882 1520 1926 hono·
1548 1894 1569 1927 3

91 1962 186 1991 rem
228 1946 366 1991 istum
410 1948 488 1990 aut
530 1945 784 1990 consulatui
823 1945 982 1990 habuit
1020 1948 1098 1990 aut
1136 1946 1334 2003 populo?
1401 1944 1520 1990 Nam

92 2009 171 2054 alii
209 2009 397 2054 marcidi
437 2024 595 2053 somno
629 2009 926 2066 hesternaque
960 2024 1069 2053 cena
1107 2008 1407 2053 redundantes
1451 2022 1521 2052 co-

93 2072 325 2117 mitiorum
358 2087 542 2116 suorum
575 2071 759 2116 nuntios
788 2071 1156 2129 opperiebantur,
1188 2071 1266 2115 alii
1293 2086 1398 2115 sane
1425 2085 1522 2129 per-

92 2134 251 2195 vigiles
291 2137 337 2179 et
375 2135 621 2190 insomnes,
665 2134 742 2179 sed
784 2135 902 2178 intra
946 2134 1111 2179 cubilia
1153 2149 1234 2178 sua
1276 2134 1366 2178 illis
1410 2133 1521 2191 ipsis

195 2275 215 2308 1
237 2270 374 2318 utique
397 2270 476 2316 Μ’,
497 2271 620 2317 Lips.‚
636 2270 686 2306 K.
702 2271 738 2316 Ι,
758 2271 923 2316 uterque
944 2271 1044 2318 vuly.
1124 2274 1145 2307 6
1167 2269 1333 2316 suscipit
1350 2269 1522 2316 plerique

93 2322 215 2368 codd„
249 2321 298 2367 cf.
321 2333 362 2368 p.
392 2323 477 2366 149,
503 2323 564 2366 23,
599 2320 836 2367 (Schwarz.),
880 2320 1031 2366 Muell„
1069 2319 1235 2368 suspicit
1270 2320 1415 2366 Livin„
1453 2319 1519 2365 K.‚

94 2372 236 2410 Baehr.
392 2375 436 2407 17
465 2369 680 2407 fefellerint
706 2370 903 2408 maluisset
929 2370 1130 2416 Schwarz„
1160 2374 1295 2408 eontra
1322 2370 1429 2407 codd.
1450 2377 1521 2407 scr.

95 2422 148 2459 K.
163 2423 218 2459 II
237 2421 320 2459 coll.
342 2433 425 2468 cap.
451 2423 508 2467 74,
535 2423 573 2466 2,
599 2421 742 2457 Baehr.
916 2424 962 2457 18
995 2422 1169 2457 revertor
1194 2433 1239 2466 w,
1275 2420 1340 2467 K.‚
1374 2420 1440 2458 sed
1472 2420 1520 2466 cf.

95 2483 151 2519 ep.
180 2472 218 2509 V
239 2475 299 2518 14,
326 2476 360 2509 7.
524 2474 571 2507 22
603 2471 723 2507 etiam
753 2470 849 2518 glor.
882 2471 1038 2517 Baehr„
1071 2471 1191 2508 etiam
1223 2472 1263 2508 et
1291 2470 1387 2519 glor.
1418 2470 1439 2507 ἓ
1470 2470 1521 2507 K.

97 2526 143 2559 28
171 2533 265 2559 nam
292 2521 519 2567 B'M'Ow,
548 2522 613 2567 K.‚
641 2532 719 2558 non
744 2522 825 2558 rell.
859 2564 862 2568 ¹
