1716 2742
513 124 877 162 EPISTULARUM
903 124 956 161 IX
986 128 1144 161 15—19.
1449 125 1541 170 245

108 245 185 287 tur
216 241 375 349 aliexlrng
408 240 785 286 oblectationibus
824 239 1018 296 veniam,
1051 242 1102 283 ut
1134 239 1300 283 nostris
1335 238 1542 296 impetre-

109 321 223 350 mus.
375 319 412 349 e.

749 380 904 420 XVIII.

492 471 535 505 C.
556 470 763 504 PLINIUS
792 470 974 504 SABINO
1003 470 1098 503 SUO
1128 470 1166 503 S.

66 567 84 596 5
206 554 306 608 Qua
331 554 599 610 intentione,
640 567 729 611 quo
763 552 933 607 studio,
976 567 1065 609 qua
1104 551 1295 608 denique
1329 551 1546 595 memoria
1574 564 1592 596 1

108 618 273 678 legeris
298 617 478 662 libellos
498 631 642 673 meos,
676 615 871 673 epistula
896 617 975 658 tua
1003 614 1210 658 ostendit.
1276 613 1379 672 Ipse
1405 614 1546 673 igitur

110 681 293 726 exhibes
325 680 562 750 negotium
596 678 700 734 t1b1,
740 678 819 735 qui
853 677 978 722 elicis
1023 679 1068 720 et
1101 677 1286 734 invitas,
1323 679 1375 720 ut
1409 691 1545 734 quam

109 743 306 802 plurima
331 742 664 788 communicare
690 743 840 785 tecum
867 740 1015 784 velim.
1061 738 1262 796 Faciam,
1289 755 1369 797 per
1395 741 1544 810 partes
1571 752 1593 784 2

110 810 263 851 tamen
289 808 335 850 et
362 805 491 863 quasi
518 804 712 863 digesta,
744 819 801 847 ne
828 803 962 847 istam
989 802 1135 860 ipsam
1162 802 1438 859 memoriam,
1472 801 1546 846 8111

51 882 86 908 1⁰
112 869 280 929 gratias
313 883 420 927 388,
462 867 732 911 3(181(11111318
771 868 817 910 et
850 865 982 923 eopia
1013 865 1191 909 turbem
1225 867 1545 922 oneratamque

112 935 157 976 et
190 931 320 1002 quasi
346 945 609 989 oppressam
635 944 796 988 cogam
822 927 1028 986 pluribus
1057 927 1254 986 singula,
1287 927 1546 985 posteriori-

111 995 196 1039 bus
229 993 382 1052 priora
414 993 652 1038 dimittere.
719 991 843 1036 Vale.

772 1120 883 1161 xlx.
946 1100 1167 1185 Wajuuae
1191 1098 1589 1185 seq-Ama!

142 1180 178 1219 x
490 1211 533 1246 C.
556 1210 763 1245 PLINIUS
791 1210 981 1245 RUSONI
1010 1210 1106 1244 SUO
1137 1210 1176 1244 S.

0 1237 64 1341 {1
51 1314 87 1341 15
208 1293 448 1355 Significas
467 1294 633 1353 legisse
652 1296 698 1338 te
726 1294 774 1337 in
796 1293 988 1351 quadam
1018 1292 1212 1350 epistula
1238 1307 1337 1336 mea
1364 1290 1548 1335 iussisse
1577 1303 1595 1334 1

0 1360 10 1418 1
113 1357 382 1418 Verginium
416 1356 588 1401 Rufum
621 1356 809 1401 inscribi
841 1357 1049 1414 sepulcro
1083 1370 1184 1399 suo:

207 1432 310 1478 Hic
367 1432 505 1478 situs
564 1435 645 1476 est
703 1431 894 1489 Rufus,
960 1431 1117 1488 pulso
1177 1429 1267 1487 qui
1319 1427 1548 1473 Vindice

1153 1491 1424 1550 quondam

239 1558 523 1616 imperium
558 1557 801 1602 adseruit
833 1572 938 1600 non
971 1556 1095 1613 sibi,
1129 1555 1219 1599 sed
1252 1554 1473 1612 patriae.

14 1686 17 1690 Α
50 1652 88 1680 20
114 1633 444 1692 Reprehendis,
476 1633 598 1691 quod
626 1632 823 1688 iusserit,
857 1631 983 1675 addis
1011 1631 1148 1675 etiam
1174 1630 1336 1674 melius
1364 1627 1548 1673 rectius-

0 1688 4 1703 *
114 1712 202 1754 que
246 1695 536 1753 Frontinum,
582 1695 703 1753 quod
749 1694 941 1738 vetuerit
987 1694 1171 1738 omnino
1218 1692 1547 1737 monimentum

114 1759 201 1804 sibi
233 1759 351 1816 fieri,
393 1774 555 1816 meque
589 1758 644 1802 ad
678 1760 949 1813 extremum,
997 1756 1106 1814 quid
1140 1756 1193 1800 de
1226 1758 1418 1812 utroque
1453 1769 1549 1798 sen-

0 1855 7 1882 ἱ
113 1822 246 1880 113111,
278 1821 489 1867 consulis.
554 1820 811 1877 Utrumque
845 1819 1003 1877 dilexi,
1035 1819 1222 1863 miratus
1257 1833 1357 1863 sum
1391 1816 1597 1875 1113818,2

0 1902 44 2172 Ξ
115 1900 250 1943 quem
282 1887 334 1928 111
366 1883 674 1942 reprehendis,
708 1886 844 1940 atque
876 1883 941 1926 ita
972 1881 1180 1939 miratus,
1213 1883 1265 1925 ut
1296 1895 1389 1924 non
1421 1881 1549 1936 puta-

0 2174 5 2196 Ι

0 2197 6 2238 1

0 1705 8 1721 ,

0 1733 15 1778 5

40 1963 88 1992 ‚25
114 1963 210 1992 rem
254 1947 364 1991 satis
408 1961 626 2004 umquam
673 1960 805 2003 posse
850 1945 1046 2002 laudari,
1097 1944 1225 1989 cuius
1270 1957 1391 1987 nunc
1437 1941 1550 1985 1111111

116 2010 349 2055 subeunda
380 2009 581 2054 defensio
616 2011 695 2053 est.
761 2007 927 2052 Omnes
961 2022 1064 2067 ego,
1108 2007 1186 2065 qui
1223 2020 1439 2076 magnum
1472 2003 1549 2047 ali-
1578 2015 1599 2047 3

115 2073 225 2131 quid
246 2072 677 2129 memorandumque
696 2071 918 2128 fecerunt,
949 2086 1043 2115 non
1062 2070 1197 2114 modo
1218 2069 1369 2125 venia,
1394 2081 1550 2110 verum

114 2136 251 2181 etiam
271 2135 403 2180 laude
423 2134 714 2204 dignissimos
734 2133 904 2191 iudico,
931 2133 969 2178 si
995 2102 1387 2182 inmortalitatem,
1415 2143 1550 2186 quam

115 2214 336 2256 meruere,
369 2200 598 2242 sectantur
628 2196 881 2254 victurique
906 2196 1103 2240 nominis
1136 2195 1303 2239 famam
1330 2191 1551 2250 supremis

22 2275 91 2303 :so
117 2262 254 2307 8113111
278 2261 425 2305 11111118
451 2275 712 2330 prorogare
723 2259 941 2303 nituntur
1000 2258 1099 2303 Nec
1125 2258 1258 2303 facile
1279 2269 1551 2313 quemquam
1578 2266 1600 2297 4

3 2344 5 2350 ’
42 2364 45 2365 ⁷
117 2325 206 2368 nisi
250 2323 518 2383 Verginium
565 2322 763 2379 invenio,
816 2322 944 2366 cuius
988 2324 1115 2365 tanta
1160 2320 1207 2364 in
1251 2316 1550 2377 praedicando

220 2463 242 2496 6
268 2472 303 2497 v.
324 2459 522 2505 ΗοῙαοΙι-εν
542 2460 665 2506 1255.
797 2461 843 2494 14
869 2469 924 2505 ep.
948 2458 1008 2495 VI
1030 2459 1259 2495 10.16
1286 2453 1396 2501 Virg.
1425 2453 1549 2490 Μγς.

0 2535 3 2586 k
31 2560 33 2562 ι
119 2513 166 2546 25
187 2509 293 2547 laud.
308 2521 423 2557 posse
438 2522 476 2555 a,
491 2510 612 2547 Merr.
693 2511 739 2544 29
759 2508 988 2545 meruerunt
1001 2506 1223 2544 Burlchard.
1303 2508 1349 2542 31
1365 2503 1474 2551 Virg.
1490 2503 1550 2540 Μ.
