1630 2678
122 139 125 142 ⁴
150 151 236 195 156
744 142 783 180 C.
803 140 938 179 PLINI

102 756 120 788 7

99 999 121 1032 8

99 1180 120 1214 9

78 1425 123 1458 10

79 1607 121 1640 11

79 1974 124 2007 12

148 263 314 305 certum
351 259 504 315 procul
536 255 824 310 intuentibus,
869 269 923 298 ex
967 267 1054 309 quo
1093 254 1243 296 monte
1274 249 1536 311 (Vesuvium

147 322 282 365 fuisse
314 323 465 377 postea
496 318 723 375 cognitum
757 313 865 373 est),
898 313 1141 368 oriebatur,
1177 312 1303 357 cuius
1335 311 1539 356 similitu-

148 383 293 426 dinem
326 384 369 424 et
406 380 591 423 formam
637 392 726 421 non
765 377 852 420 alia
888 375 1029 432 magis
1068 373 1199 418 arbor
1236 387 1369 431 quam
1407 373 1539 430 pinus

147 442 417 500 expresserit.
472 439 588 483 Nam
619 437 879 496 longissimo
911 437 1033 479 velut
1063 438 1221 479 trunco
1253 435 1368 479 elata
1398 435 1447 478 in
1478 434 1540 478 al-

147 507 240 547 tum
282 501 542 559 quibusdam
582 499 714 543 ramis
756 497 1099 552 diffundebatur,
1141 495 1290 551 credo,
1328 495 1432 552 quia
1474 510 1540 539 re-

149 564 262 608 centi
301 563 458 619 spiritu
497 564 664 617 evecta,
706 560 807 603 dein
845 561 1097 603 senescente
1136 571 1188 600 eo
1221 556 1433 601 destituta
1462 559 1540 600 aut

148 625 278 669 etiam
324 623 515 680 pondere
561 637 639 666 suo
685 621 802 665 victa
845 620 892 663 in
934 618 1214 663 latitudinem
1264 617 1540 674 vanescebat,

147 685 330 730 candida
355 683 595 738 interdum,
621 682 841 726 interdum
867 680 1044 725 sordida
1069 682 1113 723 et
1139 679 1383 734 maculosa,
1406 681 1541 736 prout

147 750 306 790 terram
340 746 584 789 cineremve
617 744 866 787 sustulerat.
929 742 1140 799 Magnum
1166 740 1439 797 propiusque
1463 754 1541 783 no-

147 807 353 851 scendum
378 810 429 849 ut
454 805 749 849 eruditissimo
776 804 870 847 viro
897 803 1052 847 visum.
1108 802 1238 845 Iubet
1257 801 1540 845 Liburnicam

146 868 303 926 aptari:
335 867 463 923 mihi,
507 867 545 910 si
575 866 723 910 venire
755 880 843 908 una
875 865 1052 920 vellem,
1095 863 1203 907 facit
1240 862 1434 919 copiam3
1476 877 1541 905 re-

148 929 303 986 spondi
331 928 503 972 studere
530 943 598 971 me
624 927 774 984 malle,
807 929 850 969 et
869 926 983 969 forte
1003 926 1116 982 ipse,
1149 923 1268 980 quod
1294 923 1541 980 scriberem,

1567 819 1602 847 1⁰

147 991 334 1034 dederat.
367 989 685 1047 Egrediebatur
710 988 858 1031 domo:
892 987 1052 1043 accipit
1077 985 1304 1030 codicillos
1331 983 1541 1028 Rectinae
1562 1041 1566 1044 ῃ

146 1052 177 1107 †
208 1050 335 1094 Tasci
375 1050 621 1093 imminenti
652 1049 847 1106 periculo
881 1048 1114 1092 exterritae
1153 1046 1276 1105 (nam
1309 1045 1416 1090 villa
1448 1045 1540 1089 eius

148 1112 416 1167 subiacebat,
461 1126 541 1154 nec
582 1111 674 1154 ulla
710 1110 796 1153 nisi
833 1109 1018 1153 navibus
1057 1106 1203 1166 fuga);
1240 1110 1292 1151 ut
1329 1121 1377 1150 se
1414 1109 1540 1150 tanto

147 1173 388 1216 discrimini
427 1173 634 1229 eriperet,
675 1171 838 1215 orabat.
904 1170 1051 1214 Vertit
1093 1170 1167 1213 ille
1209 1168 1444 1213 consilium
1485 1170 1542 1224 et,

148 1234 265 1290 quod
297 1234 493 1277 studioso
527 1234 672 1276 animo
712 1232 1016 1289 inchoaverat,
1055 1231 1151 1275 obit
1188 1229 1394 1274 maximo.
1456 1228 1541 1272 De-

147 1296 267 1339 ducit
288 1294 601 1351 quadriremes,
627 1294 821 1337 ascendit
839 1294 933 1350 ipse
953 1307 1044 1336 non
1064 1291 1274 1336 Rectinae
1293 1290 1445 1348 modo,
1465 1289 1542 1334 sed

147 1356 297 1399 multis
342 1355 454 1413 (erat
499 1356 613 1398 enim
658 1356 863 1411 frequens
909 1353 1151 1397 amoenitas
1196 1350 1318 1411 orae)
1370 1352 1542 1395 laturus

149 1417 370 1460 auxilium.
416 1416 630 1473 Properat
654 1417 779 1472 illuc,
810 1416 926 1459 unde
953 1415 1028 1458 alii
1053 1414 1251 1473 fugiunt,
1283 1415 1542 1470 rectumque

150 1492 341 1533 cursum,
371 1480 490 1520 recta
522 1478 818 1534 gubernacula
849 1477 895 1520 in
921 1476 1166 1533 periculum
1193 1477 1314 1519 tenet
1339 1473 1448 1518 adeo
1475 1488 1543 1518 so·

148 1539 267 1581 lutus
294 1542 431 1594 metu,
457 1541 507 1581 ut
533 1553 682 1582 omnes
709 1539 828 1582 illius
856 1538 962 1581 mali
988 1539 1154 1593 motus,
1186 1551 1338 1580 omnes
1364 1535 1542 1594 figuras,

149 1601 199 1641 ut
230 1599 514 1655 deprenderat
546 1600 703 1655 oculis,
735 1600 919 1643 dictaret
945 1601 1240 1655 enotaretque.
1303 1596 1398 1640 Iam
1421 1597 1543 1640 navi-

149 1659 230 1702 bus
263 1661 370 1703 cinis
397 1660 630 1717 incidebat,
663 1676 749 1717 quo
777 1661 959 1718 propius
986 1659 1258 1715 accederent,
1291 1657 1474 1702 calidior
1499 1660 1544 1701 et

150 1720 337 1774 densior,
384 1721 470 1763 iam
515 1722 709 1777 pumices
754 1722 886 1765 etiam
929 1721 1132 1779 nigrique
1178 1723 1223 1763 et
1265 1719 1458 1763 ambusti
1498 1721 1544 1762 et

149 1781 278 1824 fracti
309 1781 409 1839 igne
441 1782 625 1838 lapides,
657 1784 743 1825 iam
771 1783 931 1826 vadum
957 1782 1152 1825 subitum
1178 1781 1394 1838 ruinaque
1420 1794 1543 1824 mon-

149 1842 207 1886 tis
233 1842 364 1885 litora
390 1843 618 1886 obstantia.
671 1842 910 1887 Cunctatus
936 1844 1139 1900 paulum,
1171 1858 1227 1886 an
1251 1844 1371 1886 retro
1397 1841 1542 1885 flecte-

148 1905 234 1959 ret,
266 1918 370 1946 mox
395 1903 693 1960 gubernatori,
725 1908 775 1947 ut
806 1906 867 1947 ita
899 1905 1081 1960 faceret,
1113 1902 1312 1947 monenti
1345 1901 1542 1946 ‘Fortes'

150 1964 295 2020 inquit
323 1963 520 2007 ‘fortuna
539 1965 678 2008 iuvat:
704 1965 1057 2022 Pomponianum
1076 1964 1211 2022 pete'.
1265 1963 1429 2008 Stabiis
1449 1965 1544 2007 erat

151 2024 392 2081 diremptus
436 2026 533 2068 sinu
575 2026 716 2069 medio
759 2026 881 2084 (nam
925 2028 1085 2070 sensim
1127 2026 1405 2070 circumactis
1446 2038 1542 2068 cur-

150 2086 351 2141 vatisque
395 2086 596 2129 litoribus
642 2102 759 2130 mare
805 2087 1092 2145 infunditur);
1149 2087 1228 2141 ibi,
1275 2087 1542 2142 quamquam

150 2146 346 2190 nondum
379 2147 575 2202 periculo
603 2148 1001 2204 adpropinquante,
1034 2148 1272 2205 conspicuo
1305 2150 1454 2191 tamnu
1486 2150 1542 2202 et,

250 2318 270 2351 7
305 2314 551 2351 altitudinem
583 2316 623 2351 D
631 2327 659 2362 p
669 2328 700 2352 r.
817 2321 861 2352 14
887 2317 907 2339 ³¹⁶
933 2318 1032 2353 tasci
1058 2318 1120 2362 M,
1151 2316 1253 2354 casei
1277 2316 1332 2360 D,
1357 2314 1395 2351 N
1397 2314 1477 2352 aeci
1502 2325 1540 2359 a,

149 2363 266 2400 irasci
275 2375 317 2410 1),
327 2363 488 2400 Itacesie
502 2377 533 2407 r,
547 2367 571 2409 †
582 2363 693 2400 Tasci
706 2366 755 2401 K.
768 2366 826 2410 ΙΙ,
842 2367 987 2411 Muell„
997 2367 1107 2402 Bassi
1117 2366 1284 2410 Gesner„
1296 2363 1424 2401 caesii
1433 2363 1543 2400 Bassi

153 2412 293 2460 Gieriy.
308 2417 457 2449 auctore
477 2413 678 2450 Hermolao
698 2414 874 2451 Barbare
894 2416 957 2459 (cf.
978 2416 1087 2452 schol.
1106 2416 1210 2452 Pers.
1224 2418 1295 2451 sat.
1313 2413 1372 2450 VI
1391 2414 1446 2459 1),
1470 2413 1543 2450 alic·

150 2462 231 2498 alia
237 2475 252 2507 ;
264 2462 372 2498 velim
383 2461 567 2498 Rectinae
580 2463 660 2498 tam
674 2462 806 2499 inmin.
815 2475 893 2509 per.
903 2465 977 2499 ext.
1012 2467 1058 2500 28
1071 2476 1103 2501 v.
1121 2463 1206 2501 Otto
1218 2462 1397 2509 Spmhw.
1405 2473 1447 2508 p.
1457 2463 1540 2499 144.

1567 1123 1602 1152 15

1567 1430 1604 1458 2⁰

1567 1736 1603 1764 25
