1716 2742
207 155 295 200 188
818 146 858 186 C.
885 145 1024 183 PLINI

206 287 261 326 ex
288 266 582 327 septingentis
611 264 814 320 milibus,
849 261 1008 321 quanti
1034 262 1138 306 illos
1166 277 1193 305 a
1218 260 1384 306 liberto
1408 275 1529 319 meo,
1563 261 1643 306 sed

206 349 261 378 ex
292 329 552 390 nongentis,
594 327 752 386 quanti
787 343 812 371 a
845 325 1103 384 publicanis
1137 326 1313 383 partem
1336 323 1642 370 vicensimam

155 407 175 440 2
205 395 363 441 emisti.
421 392 618 437 Invicem
653 406 737 450 ego
772 393 818 434 et
848 404 961 449 rogo
997 391 1042 433 et
1075 388 1230 447 exigo,
1263 389 1335 446 ut,
1367 403 1461 433 non
1493 387 1643 433 solum

153 885 170 916 1

150 1074 170 1106 2

206 458 312 518 quid
339 460 402 514 te,
434 470 590 500 verum
619 454 754 499 etiam
784 452 892 511 quid
914 468 985 497 me
1013 452 1190 509 deceat,
1221 450 1415 510 aspicias
1436 450 1643 510 patiaris-

206 538 290 580 que
323 536 393 565 me
425 520 473 563 in
505 519 592 563 hoc
625 533 716 562 uno
750 516 836 561 tibi
869 516 1027 560 eodem
1056 515 1208 559 animo
1242 529 1517 574 repugnare,
1551 529 1642 573 quo

204 585 250 628 in
284 583 490 628 omnibus
526 581 714 638 obsequi
748 580 884 624 soleo.
950 578 1077 623 Vale.

875 697 965 737 XV.

527 788 570 823 C.
593 788 800 822 PLINIUS
830 787 1122 822 SATURNINO
1153 787 1250 821 SUO
1279 786 1319 821 S.

294 872 522 931 Requiris,
549 871 658 929 quid
686 886 830 930 agam.
865 869 989 924 Quae
1016 870 1150 915 nosti.
1185 869 1451 930 Distringor
1477 868 1646 927 officio,

200 937 354 982 amicis
388 935 611 992 deservio,
644 933 803 979 studeo
838 934 1085 992 interdum,
1119 933 1243 992 quod
1275 947 1370 978 non
1401 932 1644 990 interdum,

201 1000 275 1045 sed
310 999 457 1044 solum
491 1013 757 1056 semperque
790 998 956 1055 facere,
988 1013 1082 1042 non
1109 997 1252 1042 audeo
1281 997 1431 1042 dicere
1463 996 1646 1054 rectius,

200 1066 318 1108 certe
350 1061 524 1107 beatius
559 1063 665 1106 erat.
731 1060 795 1105 Te
836 1061 989 1105 omnia
1029 1061 1137 1118 alia,
1181 1075 1317 1118 quam
1359 1075 1476 1119 quae
1515 1059 1645 1118 velis,

200 1141 330 1186 agere
356 1125 544 1170 moleste
577 1124 762 1181 ferrem,
794 1124 883 1168 nisi
917 1140 987 1182 ea,
1022 1139 1136 1182 quae
1170 1124 1288 1184 agis,
1322 1125 1474 1169 essent
1505 1122 1644 1168 hone·

200 1189 408 1234 stissima.
473 1187 592 1233 Nam
626 1191 671 1232 et
703 1188 769 1232 rei
802 1187 1012 1245 publicae
1047 1203 1154 1232 suae
1186 1187 1374 1247 negotia
1406 1201 1564 1232 curare
1597 1189 1644 1231 et

151 1264 172 1295 3
201 1253 448 1310 disceptare
476 1252 593 1295 inter
626 1252 796 1295 amicos
829 1251 963 1296 laude
997 1250 1317 1311 dignissimum
1352 1252 1432 1296 est.
1498 1249 1644 1296 Prisci

150 2448 174 2481 4
202 2437 406 2495 proxime
452 2437 569 2481 inter
615 2438 782 2482 amicos
830 2442 1142 2487 manumisisti.
1209 2442 1340 2487 Nihil
1386 2446 1472 2502 est,
1520 2441 1643 2501 quod
1692 2487 1693 2490 ,

202 1316 346 1360 nostri
380 1314 725 1359 contubernium
766 1314 1011 1359 iucundum
1055 1314 1141 1359 tibi
1181 1315 1389 1359 futurum
1431 1313 1643 1360 sciebam.

202 1378 427 1423 Noveram
462 1378 800 1435 simplicitatem
828 1378 941 1436 eius,
974 1393 1190 1423 noveram
1218 1378 1505 1436 comitatem3
1537 1392 1645 1422 eun-

204 1441 303 1486 dem
346 1456 460 1498 esse,
506 1441 627 1498 quod
667 1441 817 1485 minus
858 1457 1035 1500 noram,
1076 1441 1389 1501 gratissimum
1421 1441 1644 1500 experior,

204 1519 305 1548 cum
337 1507 429 1548 tam
455 1504 647 1548 iucunde
676 1503 933 1549 officiorum
960 1507 1223 1550 nostrorum
1252 1504 1513 1550 meminisse
1539 1519 1643 1549 eum

204 1567 383 1612 scribas.
448 1566 571 1611 Vale.

236 1650 528 1702 1,ΜέςίΙᾶ
558 1651 716 1720 βμμκς
864 1635 975 1676 XVI.

412 1723 454 1756 (Ῐ.
477 1724 680 1757 PLINIUb¹
710 1724 910 1759 FABATO
940 1725 1243 1760 PROSOCERO
1273 1725 1371 1760 SUO
1401 1725 1440 1760 S·

299 1805 563 1850 Calestrium
592 1806 803 1852 Tironem
830 1808 1183 1854 familiarissime
1212 1808 1354 1869 diligo
1382 1811 1428 1854 et
1454 1808 1644 1868 privatis

202 1869 316 1913 mihi
355 1871 400 1913 et
438 1869 632 1927 publicis
678 1872 1085 1917 necessitudinibus
1132 1872 1420 1931 implicitum.
1497 1870 1646 1922 Simul

203 1932 517 1990 militavimus,
553 1932 687 1977 simul
714 1939 973 1991 quaestores
1003 1934 1206 1982 Caesaris
1233 1935 1416 1981 fuimus.
1458 1936 1544 1981 Ille
1571 1951 1644 1981 me

202 1996 251 2040 in
293 1994 528 2039 tribunatu
566 1995 812 2042 liberorum
855 1998 950 2043 iure
987 1999 1251 2058 praecessit,
1291 2014 1382 2059 ‘ego
1424 1998 1556 2044 illum
1596 1999 1645 2044 in

202 2061 415 2117 praetura
461 2074 560 2103 sum
607 2063 894 2119 consecutus,
953 2078 1055 2107 cum
1103 2062 1215 2108 mihi
1267 2061 1431 2108 Caesar
1474 2078 1644 2107 annum

201 2121 460 2166 remisisset.
526 2121 627 2181 Ego
668 2123 714 2166 in
757 2124 887 2168 villas
932 2126 1026 2170 eius
1075 2142 1207 2185 saepe
1251 2126 1436 2184 secessi,
1478 2126 1556 2171 ille
1597 2127 1645 2171 in

203 2184 339 2229 domo
400 2199 499 2228 mea
558 2199 690 2243 saepe
750 2188 991 2233 convaluit.
1063 2188 1153 2235 Hic
1213 2205 1336 2235 nunc
1394 2205 1479 2248 pro
1540 2204 1645 2235 con·
1696 2183 1702 2185 ⁴

203 2248 299 2292 sule
333 2247 613 2306 provinciam
646 2248 876 2294 Baeticam
917 2267 995 2309 per
1038 2252 1249 2298 Ticinum
1293 2255 1362 2298 est
1404 2252 1642 2312 petiturus.

203 2309 365 2370 Spero,
408 2311 548 2355 immo
592 2312 769 2356 confido
813 2313 944 2359 facile
979 2331 1049 2360 me
1084 2316 1452 2375 impetraturum,
1498 2319 1550 2361 ut
1589 2331 1645 2361 ex
1676 2368 1685 2371 ,.

202 2374 362 2418 itinere
396 2373 606 2418 deflectat
638 2374 694 2418 ad
727 2378 789 2433 te,
825 2377 861 2420 si
895 2378 1019 2422 voles
1054 2379 1255 2424 vindicta
1290 2379 1492 2438 liberare,
1527 2394 1643 2438 quos

303 2552 324 2585 5
353 2561 416 2587 me
445 2562 514 2587 om.
545 2549 627 2586 Dr.
734 2554 778 2587 31
808 2552 852 2587 ut
879 2564 949 2591 om.
972 2554 1092 2601 Dpr.

1671 947 1709 976 10

1671 1264 1708 1293 1⁶

1671 1582 1710 1611 20
