1716 2742
534 117 899 155 EPISTULARUM
924 122 1085 155 41—4‘1.
1425 120 1517 166 285

89 232 374 280 rescribendo
395 235 474 277 aut
493 233 734 277 consilium
760 247 910 276 meum
931 232 1196 277 confirmare
1224 235 1301 276 aut
1322 247 1519 277 errorem

90 295 326 342 emendare
357 295 567 355 digneris.

638 373 786 413 XLIV.
821 371 973 426 [LIII]

568 462 823 497 TRAIANUS
850 463 1041 497 PLINIO.

187 532 370 592 Optime
388 533 556 591 fecisti,
590 531 793 578 Secunde
821 533 1069 590 carissime,
1102 534 1308 578 duodena
1327 534 1414 578 ista
1433 533 1520 592 By-

55 623 59 625 .
90 596 270 655 zantiis,
313 611 428 654 quae
461 595 518 640 ad
550 595 837 640 salutandum
876 611 947 639 me
979 596 1027 639 in
1058 597 1261 656 legatum
1294 597 1520 655 impende-

27 866 67 894 10

30 1215 67 1244 1⁶

30 1943 67 1970 25

89 659 272 717 bantur,
329 658 611 704 remittendo.
701 657 968 728 Fungentur
1024 658 1095 703 his
1154 660 1379 717 partibuS,
1437 659 1522 704 etsi

90 722 239 767 solum
270 721 532 780 psephisma
563 736 645 779 per
676 723 721 764 te
754 722 942 765 missum
974 721 1123 765 fuerit.
1188 721 1398 781 Ignoscet
1430 722 1520 766 illis

91 787 137 829 et
179 783 376 829 Moesiae
427 799 624 842 praeses,
677 784 716 827 si
761 783 910 828 minus
963 784 1094 828 illum
1141 788 1404 842 sumptuose
1450 800 1522 829 co-

89 846 269 892 luerint,

648 912 774 952 XLV.
816 910 964 965 [LIV.]

366 1000 410 1036 C.
431 1001 638 1035 PLINIUS
666 1001 891 1036 TRAIANO
918 1002 1252 1037 IMPERATORI.

185 1071 466 1130 Diplomata,
498 1071 696 1129 domine,
731 1087 923 1129 quorum
950 1071 1044 1116 dies
1065 1073 1314 1130 praeteriit,
1347 1089 1405 1117 an
1431 1089 1523 1118 om-

90 1135 200 1180 nino
233 1134 462 1179 observari
494 1137 539 1178 et
572 1149 707 1191 quam
740 1134 818 1178 diu
849 1134 983 1191 velis,
1013 1150 1126 1193 rogo
1161 1136 1328 1180 scribas
1362 1151 1522 1194 meque

91 1197 389 1243 haesitatione
429 1196 605 1241 liberes.
670 1196 841 1241 Vereor
882 1197 1023 1254 enim,
1071 1213 1128 1242 ne
1171 1198 1219 1242 in
1261 1199 1523 1244 alterutram

91 1263 267 1319 partem
310 1259 568 1319 ignorantia
610 1260 763 1317 lapsus
807 1262 885 1303 aut
926 1260 1100 1305 inlicita
1142 1261 1403 1306 confirmem
1446 1265 1524 1306 aut

92 1322 344 1368 necessaria
374 1322 628 1380 impediam.

651 1413 800 1454 XLVI.
838 1411 962 1466 [LV]

571 1502 827 1537 TRAIANUS
855 1502 1045 1536 PLINIO.

185 1571 468 1631 Diplomata,
495 1587 687 1630 quorum
713 1572 981 1630 praeteritus
1009 1575 1077 1616 est
1104 1572 1215 1630 dies,
1242 1589 1335 1618 non
1361 1573 1525 1619 debent

93 1650 189 1680 esse
227 1635 276 1679 in
306 1649 404 1680 usu.
468 1633 576 1679 Ideo
614 1635 733 1679 inter
770 1635 917 1692 prima
955 1635 1143 1694 iniungo
1183 1635 1315 1694 mihi,
1355 1639 1406 1681 ut
1443 1653 1525 1695 per

94 1713 248 1743 omnes
281 1697 536 1756 provincias
576 1700 679 1742 ante
719 1698 896 1741 mittam
928 1712 1047 1742 nova
1080 1698 1344 1757 diplomata,
1388 1715 1524 1757 quam

94 1760 336 1806 desiderari
369 1760 556 1818 possint.

632 1838 801 1878 XLVII.
837 1834 983 1893 [LVI.]

369 1926 412 1961 C.
433 1926 641 1961 PLINIUS
668 1927 893 1962 TRAIANO
920 1928 1253 1964 LMPERATORI.

188 1996 302 2042 Cum
327 1997 508 2053 vellem,
542 1996 743 2054 domine,
769 1996 994 2055 Apameae
1020 2013 1291 2058 cognoscere
1317 2001 1524 2058 publicos
1553 2011 1572 2043 1

24 2079 27 2087 ¹
93 2060 318 2105 debitores
351 2062 397 2104 et
427 2059 622 2103 reditum
655 2062 700 2103 et
731 2059 976 2118 impendia,
1013 2076 1280 2119 responsum
1314 2065 1381 2106 est
1413 2063 1525 2107 1111111

93 2138 256 2181 cupere
298 2122 480 2180 quidem
521 2122 776 2179 universos,
816 2126 868 2167 ut
906 2139 933 2167 a
974 2138 1046 2168 me
1084 2125 1280 2169 rationes
1321 2126 1524 2170 coloniae

92 2186 366 2245 legerentur,
408 2200 655 2242 numquam
693 2188 845 2229 tamen
887 2200 983 2230 esse
1020 2187 1160 2231 lectas
1200 2188 1254 2231 ab
1294 2188 1388 2232 ullo
1422 2203 1524 2245 pro-

93 2248 350 2304 consulum3
375 2246 584 2291 habuisse
604 2248 766 2304 privile
803 2248 893 2292 ‘um
914 2251 958 2292 et
977 2265 1005 2292 V
1032 2250 1332 2294 tustissimum
1353 2266 1522 2295 morem

195 2345 243 2382 '1⁸
274 2344 554 2395 funge<n>tur
576 2357 654 2393 eyo,
677 2346 726 2391 cf.
749 2358 791 2393 p.
817 2349 908 2392 266,
936 2349 999 2393 25,
1039 2347 1227 2395 fungetur
1255 2349 1349 2394 Ba,
1383 2349 1524 2394 Παντὶ,

93 2397 285 2444 perpetuo
312 2397 363 2442 A,
391 2396 572 2433 lacunam
598 2396 779 2434 indicant
804 2397 871 2442 K„
898 2397 1038 2435 Muell.
1186 2401 1208 2435 8
1236 2397 1362 2435 solum
1389 2409 1524 2435 eorum

93 2446 232 2494 pseph.
258 2459 294 2484 a.
417 2449 463 2482 13
490 2446 709 2492 praeterita
734 2458 837 2483 omn.
857 2448 950 2493 Aa,
979 2448 1195 2495 praeterita
1223 2459 1274 2484 an
1301 2460 1403 2485 omn.
1425 2449 1522 2496 Cat„

94 2496 303 2544 praeteriit
330 2507 382 2533 an
408 2507 511 2533 omn.
538 2496 600 2534 Or.
