1630 2678
462 169 818 207 EPISTULARUM
843 169 896 206 IV
922 174 1078 208 24—27.
1390 174 1475 218 113

76 279 289 340 Poposcit
324 281 529 338 tabellas,
576 281 726 326 stilum
768 283 955 340 accepit,
1000 282 1176 328 demisit
1213 285 1366 341 caput,
1402 299 1475 327 ne-

77 342 242 388 minem
267 345 457 399 veretur,
481 357 528 387 se
553 343 810 388 contemnit.
860 342 968 388 Inde
994 344 1079 388 ista
1103 344 1294 389 ludibria
1319 359 1476 390 scaena

76 406 124 448 et
151 403 328 462 pulpito
361 403 506 463 digna.
570 403 667 456 Quo
706 407 750 448 te
788 404 964 450 vertas?
1002 421 1113 463 quae
1150 406 1344 450 remedia
1374 420 1476 450 con·
1502 418 1524 451 ⁶

78 463 259 523 quir-as?
299 465 467 522 ubique
508 465 618 509 vitia
655 466 857 510 remediis
898 466 1094 511 fortiora.
1164 465 1298 511 Ἀλλὰ
1334 473 1477 512 ταῦτα

35 538 53 568 ⁸
76 532 141 585 τῷ
171 524 290 585 ὑπὲρ
321 526 438 584 ἡμᾶς
467 528 672 584 μελήσει,
704 528 776 571 cui
808 529 998 572 multum
1025 528 1186 572 cotidie
1211 528 1476 587 vigiliarum,

76 587 269 632 multum
299 587 467 632 laboris
499 587 634 632 adicit
657 589 766 632 haec
790 592 944 633 nostra
968 589 1084 633 iners
1110 592 1155 633 et
1179 592 1328 634 tamen
1354 590 1476 635 effre-

75 650 182 693 nata
211 648 469 707 petulantia,
532 648 653 693 Vale.

701 762 849 802 XXVI.
869 756 1097 828 &1⁶1st
1122 770 1328 828 7²*de
1345 788 1348 790 v

324 849 367 884 C.
387 849 590 884 PLINIUS
615 849 828 885 METILIO
854 851 1041 885 NEPOTI
1069 851 1163 885 SUO
1192 851 1230 885 S.

16 943 53 971 ιο
162 927 303 987 Petis,
339 932 390 974 ut
420 930 594 974 libellos
626 945 768 987 meos,
806 946 916 987 quos
950 931 1270 976 studiosissime
1303 947 1476 990 compa·
1504 944 1522 977 1

74 990 202 1048 rasti,
256 990 468 1050 legendos
524 992 989 1050 recognoscendosque
1049 1007 1209 1037 curem.
1287 993 1476 1038 Faciam.

76 1050 191 1104 Quid
238 1052 356 1096 enim
403 1052 614 1096 libentius
661 1054 883 1110 suscipere
925 1054 1084 1111 debeo,
1130 1057 1175 1098 te
1219 1055 1476 1111 praesertim

4 1191 11 1212 .
74 1112 1070 1233 ἔρξ’ἐῑὲἓζᾎῖωΝἶῗῇθῖἮΤωῗὲΞέζζῖῗέἒῗέῗε
1082 1115 1362 1221 (1οὲῗὲῗέ
1369 1116 1476 1234 ’1,ῗὲ
1502 1127 1524 1160 ²

8 1222 9 1225 ,
351 1208 364 1230 7
1077 1210 1090 1233 7

6 1248 51 1281 ἰι
74 1234 244 1280 vinciae
275 1235 558 1293 praefuturus
596 1237 710 1280 tanti
746 1240 875 1294 putes
913 1238 1079 1295 scripta
1109 1241 1262 1282 nostra
1293 1239 1476 1283 circum-

74 1295 188 1340 ferre
218 1299 378 1354 tecum,
403 1300 569 1354 quanto
596 1313 727 1355 opere
753 1298 863 1342 mihi
888 1299 1209 1356 providendum
1242 1303 1322 1356 est,
1352 1315 1408 1343 ne
1432 1302 1477 1344 te

74 1356 184 1402 haec
227 1371 329 1415 pars
368 1358 639 1402 sarcinarum
683 1362 910 1417 tamquam
956 1374 1227 1417 supervacua
1266 1361 1476 1405 offendat!

74 1416 267 1463 Adnitar
297 1434 423 1478 ergo,
455 1420 648 1477 primum
680 1424 731 1464 ut
763 1421 945 1465 comites
978 1422 1086 1465 istos
1120 1436 1252 1478 quam
1284 1436 1477 1466 commo·
1502 1432 1524 1464 3

76 1479 281 1524 dissimos
306 1479 482 1537 habeas,
515 1481 671 1525 deinde
697 1484 748 1525 ut
773 1497 973 1526 reversus
1000 1482 1209 1538 invenias,
1242 1497 1354 1540 quos
1380 1483 1477 1527 istis

3 1544 52 1583 Ὦ
75 1540 234 1585 addere
277 1541 398 1586 velis.
462 1541 618 1599 Neque
663 1544 780 1586 enim
827 1543 1107 1587 mediocriter
1150 1559 1219 1587 me
1263 1544 1319 1587 ad
1361 1559 1478 1588 nova

76 1616 210 1660 opera
238 1604 290 1646 tu
321 1602 462 1647 lector
492 1604 694 1647 hortaris.
758 1604 880 1648 Vale.

690 1729 857 1768 XXVII.
895 1733 1076 1794 tstqams
1090 1719 1265 1796 [ἀφυὲς
1282 1731 1515 1807 E-asmmas

305 1813 347 1848 C.
368 1815 570 1848 PLINIUS
597 1815 821 1849 POMPEIO
848 1815 1066 1850 FALCONI
1093 1817 1187 1851 SUO
1216 1817 1254 1851 S.

161 1892 335 1937 Tertius
382 1894 474 1938 dies
520 1897 606 1951 est,
650 1895 768 1951 quod
813 1895 962 1939 audivi
1004 1897 1263 1941 recitantem
1303 1897 1473 1941 Serium
1502 1910 1519 1941 1

13 1968 50 1997 ns
75 1953 357 2012 Augurinum
399 1970 499 1999 cum
539 1970 710 1999 summa
748 1971 844 2000 mea
882 1957 1128 2014 voluptate,
1167 1959 1302 2002 immo
1341 1959 1473 2002 etiam

74 2014 379 2059 admiratione.
430 2015 657 2060 Poematia
682 2018 888 2074 appellat.
939 2018 1082 2063 Multa
1100 2020 1302 2076 tenuiter,
1335 2020 1476 2063 multa

75 2076 336 2132 sublimiter,
370 2078 511 2121 multa
537 2080 732 2134 venuste,
758 2079 898 2123 multa
923 2082 1083 2137 tenere,
1110 2081 1250 2124 multa
1276 2081 1474 2137 dulciter,

175 2201 193 2234 1
215 2196 384 2234 tabellas
405 2198 495 2234 RD
500 2208 612 2244 pra,
635 2198 731 2243 Otto,
751 2199 897 2247 Stanyl,
917 2199 1072 2236 tabulas
1093 2200 1142 2243 F,
1163 2199 1347 2236 tabellam
1368 2200 1415 2237 M
1432 2201 1475 2245 V,

73 2246 174 2294 vulo.
293 2249 314 2282 9
348 2246 498 2283 Metilio
531 2257 578 2283 ex
607 2247 685 2283 solo
718 2248 767 2292 R,
799 2249 866 2295 qui
895 2249 1004 2285 habet
1036 2250 1078 2285 in
1110 2249 1234 2285 indice
1266 2249 1313 2284 ad
1346 2249 1473 2300 mecil.

75 2295 267 2342 nepotem.
458 2300 500 2332 11
535 2294 720 2342 legendos
752 2297 1157 2343 recognoscendosque
1192 2298 1243 2334 M
1254 2298 1295 2342 V,
1330 2298 1380 2334 K.
1403 2299 1474 2343 II.,

74 2343 403 2390 recognoscendos
440 2344 776 2391 emendandosque
813 2346 853 2383 D
860 2358 974 2392 pra,
1011 2347 1061 2382 K.
1087 2347 1117 2390 I,
1155 2346 1288 2383 Muell.
1324 2350 1475 2385 auctore

79 2390 163 2429 ouo
181 2394 266 2438 301,
285 2393 349 2430 sed
368 2393 416 2438 cf.
438 2394 514 2429 111
531 2397 588 2438 15,
610 2397 630 2429 1
651 2398 685 2430 et
703 2394 755 2431 ad
778 2395 880 2431 Trai.
901 2398 950 2432 47
970 2396 1065 2439 (56),
1087 2399 1119 2430 1.
1223 2399 1266 2431 12
1288 2406 1385 2432 susc.
1405 2395 1472 2432 lib.

76 2439 117 2476 D
160 2451 229 2486 ra,
255 2441 321 2486 K„
347 2442 482 2478 Muell.
596 2445 641 2478 24
669 2442 817 2479 Serium
844 2448 994 2480 auctore
1020 2444 1225 2491 Borqhesio
1252 2445 1472 2482 Mommsen.

84 2489 92 2496 ”
147 2517 155 2526 .
178 2500 217 2536 ρ.
239 2492 324 2535 426,
351 2489 523 2527 Sentium
550 2491 646 2539 vuly.

148 2562 291 2591 PUNIU!
309 2563 426 2591 ΠΙᾙΟΒ
446 2568 502 2591 BD.
521 2566 688 2594 KUKULA„
1231 2569 1253 2602 8
