1716 2742
244 126 334 172 386
509 164 516 172 ,
859 122 898 159 c,
926 121 1064 159 PLmI

244 238 494 284 viderintne
521 253 736 295 umquam
763 237 982 296 principis
1001 237 1230 283 lacrimas:
1263 239 1310 282 at
1335 240 1516 283 senatus
1543 252 1674 295 saepe

243 301 463 346 viderunt.
530 300 740 346 Onerasti
772 300 950 345 futuros
983 300 1229 358 principes,
1268 300 1345 346 sed
1385 302 1430 346 et
1467 302 1674 359 posteros

242 367 434 410 nostros.
498 363 617 408 Nam
638 366 683 408 et
701 364 750 408 hi
770 379 797 408 a
816 363 1095 422 principibus
1117 363 1208 409 suis
1230 363 1423 422 exigent,
1448 366 1500 408 ut
1519 363 1675 408 eadem

243 427 396 472 audire
429 429 704 485 mereantur,
737 430 782 472 et
813 427 900 485 illi,
941 426 1062 485 quod
1094 442 1187 471 non
1226 426 1434 484 audiant,
1471 426 1676 486 indigna-

167 487 228 537 74
242 491 422 536 buntur.
474 489 606 535 Nihil
631 489 775 550 magis
802 505 988 549 possum
1009 489 1190 548 proprie
1217 489 1377 548 dicere,
1397 504 1532 549 quam
1554 488 1675 548 quod
1709 503 1716 530 ε

243 553 412 599 dictum
454 555 522 599 est
567 569 593 597 a
635 555 797 598 cuncto
845 555 1022 598 senatu:
1076 551 1134 597 ‘O
1178 555 1222 597 te
1268 552 1486 598 felicem'l
1545 551 1676 606 Quod

243 632 345 662 cum
374 616 644 674 diceremus,
675 632 768 661 non
789 631 897 674 opes
917 618 1038 674 tuas,
1072 615 1148 661 sed
1169 615 1370 660 animum
1392 615 1676 660 mirabamur.

242 679 311 724 Ea
338 679 457 724 enim
486 679 665 724 demum
688 695 795 724 vera
821 678 1034 737 felicitas,
1065 678 1280 724 felicitate
1308 678 1496 738 dignum
1522 677 1675 723 videri.

193 754 214 787 2
244 742 350 801 Sed,
379 758 482 788 cum
510 743 654 787 multa
679 742 759 787 illo
787 742 858 787 die
885 741 1005 787 dicta
1031 744 1137 787 sunt
1163 741 1390 800 sapienter
1415 744 1460 786 et
1480 741 1678 802 graviter

242 808 341 851 tum
375 806 447 850 vel
478 805 527 850 in
559 806 737 864 primis:
782 804 944 850 ‘Crede
977 805 1129 862 nobis,
1163 805 1293 850 crede
1325 803 1445 849 tibi.'
1508 803 1676 864 Magna
1702 817 1716 844 1

194 880 215 914 3
243 869 331 914 hoc
363 869 529 914 fiducia
561 868 724 927 nostri,
765 868 932 913 maiore
973 871 1126 913 tamen
1164 867 1233 912 tui
1272 867 1479 913 diximus.
1545 866 1676 912 Alius

243 932 363 977 enim
397 931 588 977 fortasse
621 932 780 990 alium,
818 932 968 991 ipsum
1009 947 1056 977 se
1088 946 1221 976 nemo
1256 930 1501 990 deceperit,
1537 930 1677 975 intro-

243 995 404 1052 spiciat
437 994 571 1040 modo
605 994 746 1039 vitam
786 1010 942 1053 seque,
988 995 1097 1053 quid
1136 996 1377 1051 mereatur,
1416 993 1676 1054 interroget.

242 1058 436 1103 Proinde
483 1058 618 1103 dabat
657 1058 845 1103 vocibus
884 1058 1053 1102 nostris
1101 1057 1236 1102 fidem
1289 1056 1409 1116 apud
1454 1057 1677 1115 optimum

242 1121 505 1180 principem,
534 1120 655 1179 quod
682 1120 803 1180 apud
829 1122 972 1166 malos
1000 1120 1274 1166 detrahebat.
1322 1119 1536 1174 Quamvis
1557 1119 1677 1165 enim
1704 1132 1716 1160 1

243 1185 510 1243 faceremus,
552 1199 664 1243 quae
699 1187 898 1230 amantes
933 1185 1094 1242 solent,
1125 1183 1193 1228 illi
1226 1186 1379 1228 tamen
1409 1199 1504 1228 non
1535 1182 1678 1228 amari

192 1260 216 1292 4
244 1264 290 1294 se
317 1247 558 1293 credebant
585 1247 683 1292 sibi.
750 1246 895 1307 Super
920 1248 1031 1293 haec
1056 1247 1229 1306 precati
1255 1262 1430 1304 sumus,
1461 1249 1514 1292 ut
1541 1245 1606 1292 sic
1630 1248 1677 1291 te

243 1313 445 1356 amarent
478 1310 524 1355 di
557 1326 690 1369 quem
725 1311 780 1355 ad
814 1310 999 1355 modum
1025 1313 1199 1357 tucnos.
1264 1308 1374 1364 Quis
1403 1310 1492 1355 hoc
1517 1312 1597 1355 aut
1622 1307 1677 1354 de

243 1389 290 1419 se
317 1377 396 1419 aut
428 1374 624 1432 principi
664 1374 832 1419 diceret
871 1373 1158 1419 mediocriter
1190 1373 1389 1418 amanti?
1422 1371 1511 1418 Pro
1544 1371 1676 1418 nobis

242 1438 352 1496 ipsis
397 1436 579 1495 quidem
625 1436 735 1482 haec
777 1437 865 1482 fuit
907 1452 1085 1482 summa
1129 1438 1362 1495 votorum,
1406 1438 1458 1481 ut
1495 1450 1579 1481 nos
1613 1435 1678 1481 sic
1703 1449 1716 1476 1

243 1502 445 1546 amarent
486 1499 532 1544 di
572 1515 662 1558 quo
702 1500 837 1545 modo
876 1502 939 1545 tu.
1004 1500 1145 1545 Estne
1179 1515 1354 1558 verum,
1401 1498 1523 1558 quod
1560 1498 1679 1544 inter

243 1564 331 1609 ista
363 1563 676 1608 clamavimus:
723 1562 784 1609 ‘O
817 1579 901 1609 nos
934 1562 1141 1608 felices'?
1187 1561 1306 1617 Quid
1343 1562 1463 1608 enim
1501 1561 1677 1607 felicius

241 1627 394 1685 nobis,
427 1627 592 1685 quibus
618 1642 712 1671 non
738 1626 828 1671 iam
854 1626 968 1672 illud
996 1626 1245 1685 optandum
1273 1627 1360 1684 est,
1391 1628 1444 1670 ut
1468 1640 1552 1670 nos
1579 1624 1678 1670 dili-

193 1700 215 1735 5
243 1693 321 1751 gat
341 1689 562 1748 princeps,
584 1690 662 1735 sed
681 1693 729 1734 ut
749 1690 795 1735 di
816 1705 949 1748 quem
970 1689 1026 1734 ad
1046 1690 1232 1734 modum
1246 1688 1488 1748 princeps?
1509 1687 1677 1734 Civitas

241 1753 539 1813 religionibus
595 1753 745 1798 dedita
800 1768 1065 1811 semperque
1111 1753 1296 1798 deorum
1349 1751 1677 1811 indulgentiam
1704 1765 1716 1793 1

242 1817 411 1888 pietate
445 1815 605 1861 merita
635 1815 752 1861 nihil
783 1816 990 1861 felicitati
1025 1832 1130 1861 suae
1162 1818 1294 1874 putat
1326 1815 1499 1860 adstrui
1531 1829 1680 1874 posse,

243 1879 332 1925 nisi
365 1881 417 1924 ut
449 1879 495 1924 di
530 1878 764 1924 Caesarem
799 1879 1675 1924 imitentur..

168 1939 229 1988 '75
340 1940 427 1987 Sed
462 1942 571 2000 quid
604 1943 784 2002 singula
817 1944 1053 1988 consector
1092 1944 1137 1987 et
1171 1940 1369 2001 colligo?
1409 1940 1539 2012 quasi
1571 1955 1677 1985 vero

243 2008 321 2050 aut
354 2006 557 2050 oratione
589 2005 829 2064 complecti
869 2008 947 2051 aut
986 2005 1202 2050 memoria
1242 2003 1456 2062 consequi
1494 2003 1680 2062 possim,

245 2085 358 2126 quae
386 2084 485 2126 vos,
513 2071 661 2127 patres
690 2068 954 2127 conscripti,
980 2084 1036 2114 ne
1065 2084 1153 2126 qua
1178 2067 1467 2126 interciperet
1494 2066 1716 2125 oblivio‚a

245 2135 291 2177 et
323 2131 371 2176 in
403 2132 587 2190 publica
619 2134 719 2177 acta
751 2131 972 2177 mittenda
1005 2134 1050 2176 et
1082 2130 1320 2176 incidenda
1359 2130 1407 2175 in
1445 2145 1546 2175 aere
1578 2144 1678 2174 cen-

194 2206 215 2239 2
244 2194 408 2240 suistis
476 2193 595 2239 Ante
636 2195 862 2240 orationes
902 2195 1160 2254 principum
1201 2196 1379 2239 tantum
1419 2193 1515 2238 eius
1555 2192 1678 2237 modi

345 2318 367 2352 5
395 2315 454 2352 nil
479 2317 703 2365 Boo-necque
731 2329 772 2364 p.
799 2320 888 2363 207,
916 2316 1018 2354 nihil
1043 2317 1146 2366 vuly.
1177 2339 1220 2344 —
1254 2328 1326 2364 pro
1353 2327 1395 2354 re
1422 2316 1579 2361 Baehr„
1605 2326 1677 2363 pro

243 2367 283 2403 te
314 2366 471 2414 Suster„
499 2367 565 2404 sed
594 2379 625 2405 v.
655 2368 803 2405 Burkh.
833 2347 956 2406 IV'ien.
977 2368 1087 2407 stud.
1107 2367 1178 2405 IX
1206 2370 1291 2426 171.
1443 2369 1466 2403 8
1500 2378 1546 2403 ea
1573 2365 1678 2403 enim

243 2418 340 2454 coni.
363 2417 429 2462 K,
452 2418 561 2465 prob.
584 2418 736 2463 Muell„
764 2419 823 2456 est
851 2418 955 2456 enim
981 2419 1097 2467 vuly„
1124 2419 1184 2456 est
1210 2417 1316 2455 enim
1343 2416 1503 2467 (haec)
1531 2417 1676 2454 Baem.

245 2470 293 2503 24
311 2467 356 2504 ut
376 2445 465 2505 ad'd.
487 2468 540 2505 K.
555 2469 615 2514 II,
630 2447 786 2515 Baelisr„
801 2470 952 2515 Muell„
973 2469 1023 2515 ef.
1038 2481 1068 2507 e.
1083 2480 1113 2507 e.
1126 2481 1166 2516 p.
1181 2470 1269 2515 398,
1282 2470 1306 2505 4
1325 2478 1378 2517 sq.
1457 2470 1504 2505 26
1525 2478 1558 2505 v.
1575 2467 1675 2505 Bor-

244 2529 383 2564 necque
405 2530 446 2564 p.
467 2520 553 2555 214.
658 2522 704 2555 32
733 2521 823 2556 ante
853 2518 952 2570 (te)
981 2520 1079 2557 coni.
1103 2519 1155 2558 K.
