1624 2678
173 131 230 175 32
759 119 797 156 C.
824 117 957 155 PL1N1

173 239 331 296 partim
365 235 534 290 studiis,
566 233 723 290 partim
750 231 915 275 desidia
940 230 1080 284 fruor,
1106 228 1299 284 quorum>
1319 227 1555 282 utrumque
1617 290 1622 295 ·

173 315 226 343 ex
257 298 345 342 otio
377 296 579 340 nascitur.
642 293 763 336 Vale.

825 403 899 443 ΙΙΙ.

532 482 573 515 C.
592 479 790 514 PLINIUS
822 478 1006 513 NEPOTI
1034 477 1127 510 SUO
1156 475 1194 510 S.

250 552 408 609 Magna
450 549 619 595 Isaeum
660 549 777 591 fama
817 547 1127 604 praecesserat,
1170 543 1312 587 maior
1349 542 1554 587 inventus

173 617 246 657 est.
310 612 489 655 Summa
520 614 586 654 est
616 610 822 664 facultas,
854 607 997 664 copia,
1023 607 1218 662 ubertas3
1250 603 1359 648 dicit
1383 618 1557 660 semper

173 690 225 718 ex
255 678 470 729 tempore,
503 671 578 715 sed
603 674 826 726 tamquam
859 669 934 712 diu
960 667 1195 724 scripserit.
1246 663 1400 709 Sermo
1427 663 1556 709 Grae-

173 750 264 791 cus,
291 734 424 777 immo
450 733 644 787 Atticus,
668 730 957 788 praefationes
983 732 1145 784 tersae,
1164 727 1370 786 graciles,
1393 725 1558 782 dulces,

173 810 324 853 graves
350 794 566 837 interdum
594 796 638 836 et
663 796 841 835 erectae.
885 790 1034 834 Poscit
1054 787 1374 833 controversias
1394 787 1558 845 plures,

173 856 424 899 electionem
469 853 739 897 auditoribus
779 852 1014 909 permittit,
1057 865 1184 907 saepe
1222 849 1356 894 etiam
1394 851 1556 906 partes,

173 917 330 974 surgit,
361 915 580 970 amicitur,
606 914 777 970 incipit:
804 914 950 956 statim
978 913 1124 956 omnia
1155 925 1206 955 ac
1230 925 1370 968 paene
1393 909 1558 967 pariter

1583 858 1621 887 1⁰*

173 977 226 1020 ad
251 992 445 1032 manum,
478 990 627 1019 sensus
653 975 867 1018 reconditi
891 975 1137 1029 occursant,
1163 972 1314 1026 verba,
1346 970 1423 1015 sed
1454 985 1559 1028 qua·
1604 1026 1611 1035 Ι

173 1039 248 1081 lia!
282 1038 476 1094 quaesita
507 1040 551 1080 et
581 1037 763 1079 exculta.
825 1035 964 1079 Multa
988 1034 1118 1078 lectio
1145 1034 1192 1078 in
1217 1032 1392 1086 subitis,
1418 1031 1559 1076 multa

174 1099 352 1155 scriptio
386 1098 537 1141 elucet.
599 1096 900 1141 Prooemiatur
931 1099 1048 1152 apte,
1089 1096 1238 1138 narrat
1275 1095 1441 1152 aperte,
1478 1107 1556 1150 pu-

175 1162 279 1216 gnat
311 1159 485 1215 acriter,
517 1158 687 1215 colligit
717 1159 907 1213 fortiter,
941 1159 1066 1201 ornat
1104 1155 1292 1212 excelse,
1331 1158 1555 1212 postremo

174 1221 317 1276 docet,
350 1220 555 1276 delectat,
591 1219 760 1275 adficit,
800 1219 904 1275 quid
941 1218 1148 1274 maxime,
1180 1216 1372 1261 dubites:
1405 1214 1558 1260 crebra

175 1280 480 1337 ἐνθυμήματα,
511 1281 651 1324 crebri
682 1280 944 1338 syllogismi,
976 1278 1295 1336 circumscripti
1325 1278 1372 1321 et
1401 1275 1558 1333 effecti,

177 1342 292 1397 quod
333 1342 435 1384 stilo
478 1356 650 1398 quoque
691 1342 870 1398 adsequi
910 1356 1119 1398 magnum
1159 1342 1244 1396 est,
1285 1337 1556 1383 incredibilis

177 1402 401 1456 memoria,
443 1402 602 1458 repetit
645 1403 793 1458 altius,
839 1417 947 1458 quae
992 1402 1103 1444 dixit
1143 1416 1196 1445 ex
1239 1403 1460 1457 tempore,
1501 1406 1573 1442 ne'

178 1463 306 1504 verbo
334 1463 506 1518 quidem
536 1463 708 1507 labitur.
771 1463 841 1506 Ad
878 1466 1045 1506 tantam
1086 1461 1179 1514 ἕξιν
1216 1461 1363 1506 studio
1402 1462 1447 1504 et
1484 1474 1557 1503 ex-

178 1523 427 1566 ercitatione
451 1525 664 1580 pervenit3
696 1539 798 1568 nam
823 1524 973 1567 diebus
1000 1527 1042 1567 et
1071 1523 1276 1568 noctibus
1301 1520 1415 1566 nihil
1439 1519 1558 1564 aliud

179 1582 281 1639 agit,
307 1583 416 1625 nihil
441 1585 571 1641 audit,
595 1585 708 1628 nihil
731 1586 937 1642 loquitur.
1000 1584 1178 1628 Annum
1205 1582 1557 1642 sexagensimum

179 1643 361 1711 excessit
392 1647 435 1686 et
466 1645 605 1688 adhuc
637 1646 922 1690 scholasticus
954 1649 1126 1689 tantum
1159 1647 1246 1689 est:
1279 1659 1368 1701 quo
1400 1657 1558 1702 genere

178 1704 405 1746 hominum
436 1704 546 1747 nihil
571 1710 646 1749 aut
671 1707 879 1750 sincerius
912 1710 987 1750 aut
1013 1707 1255 1764 simplicius
1287 1707 1365 1749 aut
1390 1703 1556 1748 melius.

178 1763 279 1832 Nos·
299 1764 431 1832 enim,
459 1766 532 1820 qui
559 1767 603 1809 in
627 1767 722 1810 foro
743 1768 940 1824 verisque
965 1768 1115 1811 litibus
1141 1767 1342 1822 terimur,
1367 1765 1558 1809 multum

179 1825 389 1880 mahtiae,
421 1827 615 1881 quamvis
648 1828 857 1884 nolimus,
896 1828 1175 1872 addiscimus:
1217 1827 1370 1872 schola
1406 1829 1451 1870 et
1482 1841 1559 1870 au-

1584 1159 1624 1198 ιε

178 1884 386 1928 ditorium
430 1887 473 1928 et
510 1887 611 1930 ficta
642 1903 769 1931 causa
811 1905 879 1932 res
923 1890 1119 1943 inermis,
1163 1888 1344 1933 innoxia
1374 1890 1442 1932 est
1477 1900 1560 1930 nec
1621 1918 1623 1921 -

179 1946 322 2014 minus
342 1945 467 2002 felix,
492 1948 666 1991 senibus
693 1950 954 2004 praesertim.
1004 1950 1119 1994 Nam
1146 1949 1251 2007 quid
1270 1950 1318 1993 in
1337 1950 1559 1993 senectute

178 2006 348 2050 felicius
354 2039 366 2063 ,
392 2021 522 2063 quam
543 2009 659 2064 quod
680 2009 977 2053 dulcissimum
1004 2014 1068 2054 est
1087 2012 1134 2054 in
1153 2009 1359 2055 iuventa?
1415 2007 1558 2061 Quare

179 2081 260 2124 ego
283 2065 462 2135 ‘Isaeum
503 2083 593 2111 non
633 2069 962 2114 disertissimum
1003 2075 1193 2128 tantum,
1232 2085 1386 2116 verum
1425 2069 1558 2114 etiam

178 2127 478 2196 beatissimum
510 2129 672 2186 iudi003
706 2145 835 2186 quem
877 2134 926 2174 tu
964 2132 1049 2175 nisi
1089 2147 1354 2192 cognoscere
1400 2145 1559 2176 concu-

178 2202 331 2244 piscis,
363 2203 516 2232 saxeus
548 2190 798 2247 ferreusque
830 2207 885 2234 es.
947 2192 1154 2249 Proinde,
1192 2194 1229 2238 si
1260 2209 1352 2237 non
1383 2192 1440 2236 ob
1472 2191 1559 2235 alia

178 2263 345 2306 nosque
383 2249 519 2306 ἰρεοε,
563 2254 608 2293 at
646 2254 759 2295 certe
797 2256 847 2295 ut
886 2253 1002 2296 hunc
1039 2253 1207 2309 audias,
1245 2254 1357 2298 veni.
1419 2251 1558 2296 Num-

179 2324 366 2366 quamne
396 2309 543 2368 legisti
576 2310 836 2355 Gaditanum
870 2314 1084 2368 quendam
1116 2314 1206 2358 Titi
1246 2314 1346 2358 Livi
1381 2313 1559 2358 nomine

277 2432 323 2465 26
348 2428 524 2465 nolumus
551 2431 588 2467 R
602 2431 643 2466 F
647 2443 677 2477 p
690 2444 720 2468 r.
