1716 2742
203 149 292 195 376
814 143 852 180 c.
874 142 1013 180 PLINI

203 261 480 318 consulibus,
514 275 539 303 a
573 259 735 317 quibus
770 259 976 303 consules
1003 257 1393 314 renuntiabantur,
1427 256 1560 301 exilia
1586 259 1630 301 et

152 338 174 371 4
202 325 355 370 caedes
390 318 782 367 machinabantur.v
839 320 876 366 Ο
909 336 1048 379 prava
1082 322 1126 364 et
1159 320 1300 365 inscia
1332 335 1462 364 verae
1494 319 1629 364 maie-

203 387 330 432 statis
358 385 565 443 ambitio,
592 384 907 442 concupiscere
934 384 1173 439 honorem,
1201 398 1334 440 quem
1362 382 1629 442 dedigneris,

202 449 451 509 dedignari,
486 464 619 506 quem
649 447 949 505 concupieris,
983 462 1175 504 cumque
1203 462 1257 490 ex
1283 446 1501 504 proximis
1527 444 1630 490 hor-

201 513 259 557 tis
294 527 502 570 campum
537 514 581 556 et
614 511 798 556 comitia
830 512 1109 568 prospectes,
1152 509 1216 554 sic
1249 509 1303 554 ab
1340 508 1430 554 illis
1463 508 1630 567 abesse,

152 589 172 622 5
201 579 431 634 tamquam
465 574 674 619 Danubio
717 573 968 631 Rhenoque
1012 572 1239 617 dirimare!
1304 569 1536 616 Averseris
1579 574 1631 616 tu

200 639 362 683 honori
396 641 475 683 tuo
510 640 688 696 sperata
721 637 934 696 suffragia
966 634 1301 693 renuntiarique
1327 637 1372 680 te
1399 634 1630 680 consulem

200 702 383 747 iussisse
411 703 647 746 contentus
674 700 839 744 liberae
868 698 1062 744 civitatis
1089 714 1145 742 ne
1173 698 1506 743 simulationem
1534 697 1630 756 qui-

201 765 300 810 dem
335 779 503 822 serves,
536 763 762 808 abstineas
791 762 983 820 denique
1010 761 1206 807 comitiis
1234 761 1467 806 abstrusus
1495 763 1629 819 atque

199 828 397 886 abditus,
432 827 559 885 quasi
586 827 681 871 illic
706 826 791 871 tibi
817 841 910 870 non
937 825 1196 870 consulatus
1225 824 1366 881 detur,
1400 823 1477 868 sed
1503 824 1629 869 abro-

150 903 171 936 6
199 894 331 950 getur
363 889 633 949 imperium?
678 889 803 934 Haec
841 889 1072 947 persuasio
1113 887 1445 946 superbissimis
1489 887 1629 932 domi-

197 954 268 999 nis
302 957 415 1011 erat,
447 957 499 998 ut
532 953 618 998 sibi
651 953 909 997 viderentur
941 951 1167 1010 principes
1210 966 1304 996 esse
1338 950 1553 1008 desinere,
1587 949 1629 994 si

199 1017 307 1076 quid
334 1017 532 1061 facerent
558 1020 789 1074 tamquam
818 1017 1057 1060 senatores,
1111 1013 1320 1072 Plerique
1353 1016 1505 1058 tamen
1535 1028 1629 1058 non

151 1092 169 1125 7
200 1083 294 1125 tam
323 1080 536 1138 superbia
564 1094 697 1137 quam
726 1081 850 1123 metu
879 1078 1074 1136 quodam
1101 1076 1495 1122 submovebantur.
1554 1074 1629 1120 An

199 1146 458 1202 stuprorum
494 1142 580 1187 sibi
614 1143 975 1199 incestarumque
1001 1140 1202 1185 noctium
1233 1139 1402 1185 conscii
1428 1138 1628 1197 auspicia

198 1207 399 1265 polluere
433 1208 747 1263 sacratumque
781 1219 991 1262 campum
1024 1204 1196 1248 nefario
1231 1202 1445 1248 auderent
1477 1204 1628 1248 conta-

148 1281 170 1314 8
199 1270 369 1314 minare
403 1268 625 1328 vestigio?
678 1267 784 1312 Non
817 1267 926 1312 adeo
963 1267 1068 1311 deos
1102 1266 1398 1324 hominesque
1431 1267 1627 1310 contem-

197 1335 391 1391 pserant,
417 1335 468 1377 ut
494 1332 541 1376 in
568 1332 647 1375 illa
674 1331 1005 1389 speciosissima
1032 1330 1134 1374 sede
1161 1328 1396 1374 hominum
1424 1328 1627 1374 deorum-

198 1411 284 1454 que
329 1395 555 1441 coniectos
596 1395 644 1439 in
686 1410 732 1439 se
773 1394 927 1439 oculos
971 1393 1087 1438 ferre
1130 1407 1181 1437 ac
1222 1392 1398 1451 perpeti
1429 1394 1626 1451 possent.

196 1458 299 1504 Tibi
333 1460 491 1504 contra
525 1461 568 1502 et
601 1457 849 1502 moderatio
883 1459 962 1501 tua
994 1455 1134 1501 suasit
1167 1457 1212 1500 et
1238 1455 1469 1511 sanctitas,
1503 1457 1553 1500 ut
1579 1457 1624 1500 te

122 1519 182 1569 64
198 1525 242 1567 et
261 1521 472 1582 religioni
493 1521 678 1566 deorum
707 1523 751 1565 et
771 1519 948 1564 iudiciis
969 1519 1206 1564 hominum
1235 1518 1480 1564 exhiberes.
1533 1516 1638 1570 Alii,

197 1586 503 1642 consulatum,
538 1587 640 1629 ante
668 1599 802 1642 quam
831 1583 1103 1640 acciperent,
1136 1584 1205 1639 tu,
1239 1585 1284 1626 et
1311 1581 1417 1626 dum
1445 1580 1628 1640 accipis,

197 1648 412 1693 meruisti.
466 1647 654 1692 Peracta
681 1649 808 1692 erant
835 1646 1072 1691 sollemnia
1099 1644 1407 1703 comitiorum,
1440 1644 1478 1690 si
1505 1643 1625 1703 prin·

197 1712 343 1770 cipem
377 1711 616 1771 cogitares,
658 1711 836 1767 iamque
876 1724 923 1754 se
963 1709 1109 1753 omnis
1142 1708 1275 1753 turba
1308 1710 1625 1764 commoverat,

197 1790 298 1820 cum
331 1778 382 1819 tu
416 1774 684 1819 mirantibus
718 1774 892 1818 cunctis
927 1771 1098 1816 accedis
1133 1771 1188 1816 ad
1222 1771 1420 1816 consulis
1455 1771 1625 1829 sellam,

195 1838 467 1897 adigendum
495 1842 539 1882 te
566 1837 752 1895 praebes
780 1836 827 1880 in
854 1836 990 1880 verba
1016 1834 1295 1893 principibus
1329 1835 1503 1894 ignota,
1536 1834 1625 1878 nisi

196 1917 298 1946 cum
331 1901 477 1945 iurare
510 1903 723 1961 cogerent
756 1899 879 1944 alios.
946 1898 1105 1955 Vides,
1151 1913 1284 1956 quam
1325 1896 1624 1942 necessarium

195 1964 330 2009 fuerit
357 1964 640 2009 consulatum
667 1978 761 2007 non
786 1976 1002 2007 recusare.
1064 1960 1172 2006 Non
1191 1963 1475 2019 putassemus
1503 1960 1623 2005 istud

146 2039 166 2071 2
195 2030 239 2072 te
272 2027 497 2072 facturum
532 2027 684 2083 fuisse,
719 2026 757 2071 si
783 2039 1046 2070 recusasses.
1114 2022 1302 2082 Stupeo,
1336 2026 1486 2082 patres
1521 2038 1624 2068 con-

195 2091 371 2149 scripti,
404 2090 594 2135 necdum
629 2089 736 2135 satis
765 2091 842 2133 aut
869 2087 1010 2132 oculis
1038 2087 1148 2131 meis
1176 2089 1254 2131 aut
1280 2086 1464 2131 auribus
1491 2086 1622 2132 credo

195 2156 328 2211 atque
350 2153 592 2198 identidem
614 2168 705 2210 me,
732 2168 789 2196 an
810 2151 1048 2208 audierim,
1074 2165 1132 2194 an
1151 2149 1358 2207 viderim,
1379 2150 1622 2209 interrogo.

194 2215 444 2275 Imperator
471 2231 577 2276 ergo
606 2218 650 2260 et
677 2214 838 2260 Caesar
865 2217 908 2259 et
928 2212 1162 2272 Augustus
1189 2217 1227 2257 et
1252 2212 1458 2271 pontifex
1483 2212 1623 2257 maxi-

194 2294 293 2324 mus
322 2280 446 2324 stetit
473 2282 576 2324 ante
603 2278 824 2338 gremium
854 2277 1070 2334 consulis,
1098 2275 1300 2334 seditque
1325 2275 1484 2321 consul
1501 2275 1621 2333 prin·

195 2343 292 2400 cipe
326 2345 428 2387 ante
462 2357 508 2387 se
550 2344 695 2386 stante
729 2343 773 2385 et
813 2340 928 2385 sedit
967 2338 1242 2396 inturbatus,
1285 2338 1515 2384 interritus
1523 2373 1535 2396 ‚
1577 2340 1622 2383 et

295 2495 316 2526 2
344 2491 483 2527 caedes
511 2491 667 2536 Baehr„
695 2489 856 2527 caedem
882 2490 982 2537 vulg).
1126 2492 1147 2525 3
1174 2499 1226 2536 sq.
1248 2487 1399 2535 aliquid
1425 2486 1620 2524 turbatum

195 2541 386 2578 existimat
413 2542 635 2588 Bornecque
656 2552 697 2588 10·
717 2543 805 2578 225.
915 2543 962 2576 32
991 2539 1030 2576 et
1057 2539 1146 2576 add.
1169 2538 1299 2576 Livin.

1656 522 1673 551 5

1658 839 1693 866 1⁰

1655 1153 1690 1181 15

1654 1470 1691 1498 20

1651 1784 1687 1813 25

1649 2099 1687 2127 80
