1630 2678
109 353 154 385 21

110 534 155 567 22

109 777 154 810 23

183 110 240 155 96
772 103 811 141 0.
838 103 973 140 Pmm

179 235 280 264 nem
331 218 630 262 renuntiasset.
708 215 988 275 Arg-uebatur
1031 214 1148 258 enim
1189 214 1330 259 multa
1360 214 1409 258 in
1444 228 1570 260 accu-

182 281 348 324 satione
397 278 566 334 fecisse,
624 292 735 334 quae
786 278 862 320 illa
911 276 1008 334 ipsa
1057 276 1173 333 lege,
1237 289 1326 332 qua
1380 274 1568 321 Bassum

181 342 471 395 accusaverat,
503 341 762 382 tenerentur.
809 337 894 382 Sed
925 338 1040 381 hanc
1066 337 1329 381 sententiam
1354 337 1570 395 consules,

183 416 443 458 quamquam
487 399 701 443 maximae
742 399 857 456 parti
904 400 1080 443 senatus
1130 397 1240 441 mire
1289 397 1572 456 probabatur,

181 478 268 506 non
300 464 401 505 sunt
432 460 657 517 persecuti.
708 459 918 503 Paulinus
945 461 1091 503 tamen
1123 460 1168 502 et
1192 458 1387 503 iustitiae
1405 459 1569 504 famam
1595 473 1614 502 s

182 527 225 566 et
274 522 541 566 constantiae
592 521 704 564 tulit.
786 521 921 564 Misso
973 522 1127 564 senatu
1188 519 1352 564 Bassus
1408 535 1572 580 magna

180 583 403 627 hominum
444 582 705 638 frequentia,
747 596 908 640 magno
950 582 1157 638 clamore,
1204 595 1366 640 magno
1407 582 1570 640 gaudio

180 646 383 700 exceptus
445 646 521 687 est.
608 643 789 687 Fecerat
851 659 950 686 eum
1011 642 1299 686 favorabilem
1359 645 1572 688 renovata

181 704 473 748 discriminum
508 707 632 748 vetus
664 705 782 748 fama
819 707 1061 760 notumque
1093 703 1300 761 periculis
1330 718 1496 749 nomen
1527 707 1572 749 et

179 766 225 808 in
250 780 430 822 procero
451 780 632 822 corpore
652 768 817 809 maesta
848 768 892 808 et
911 764 1111 822 squalida
1136 767 1348 810 senectus.
1374 764 1570 811 Habebis
1597 780 1630 809 ια

180 826 292 869 hanc
340 826 514 869 interim
575 827 806 883 epistulam
864 829 914 870 ut
973 827 1257 884 πρόδρομον,
1318 827 1570 884 expectabis

180 887 418 930 orationem
451 887 626 943 plenam
666 881 971 944 onustamqfie,
1013 887 1263 944 expectabis
1296 887 1390 945 diu3
1428 903 1572 946 neque

180 948 295 1052 {gilm
327 948 481 992 leviter
517 951 560 992 et
592 949 752 993 cursim
784 951 834 991 ut
872 949 924 992 de
955 964 1001 992 re
1033 951 1156 992 tanta
1185 948 1464 994 retractanda
1493 952 1571 994 est.

267 1024 300 1052 e.

230 1100 538 1188 nassowa.
849 1099 898 1138 X·
1596 1110 1630 1140 1⁵

447 1184 488 1217 C.
513 1185 713 1219 PLINIUS
741 1185 917 1220 STATIO
946 1186 1122 1220 SABINO
1151 1186 1244 1220 SUO
1272 1185 1311 1221 S.

281 1261 443 1307 Scribis
481 1265 590 1308 mihi
629 1263 852 1322 Sabinam,
892 1281 1003 1322 quae
1040 1281 1121 1310 nos
1159 1266 1341 1324 reliquit
1376 1266 1570 1324 heredes,

181 1323 438 1381 Modestum,
459 1340 631 1369 servum
658 1341 796 1383 suum,
816 1342 1033 1383 nusquam
1051 1328 1239 1371 liberum
1258 1341 1354 1372 esse
1378 1327 1570 1386 iussisse,

182 1385 321 1428 eidem
351 1388 498 1429 tamen
523 1386 585 1430 sic
617 1387 899 1444 adscripsisse
930 1389 1143 1446 legatum:
1177 1389 1405 1446 ‘Mede-to,
1437 1403 1571 1446 quem

181 1445 367 1489 liberum
412 1461 502 1490 esse
544 1448 678 1491 iussi.'
741 1448 940 1505 Quaeris,
980 1450 1085 1506 quid
1125 1450 1322 1494 sentiam.
1393 1449 1571 1494 Contuli
1596 1465 1630 1492 oo

183 1520 282 1548 cum
314 1507 610 1562 prudentibus.
662 1508 876 1553 Convenit
900 1510 1015 1555 inter
1046 1526 1196 1555 omnes
1221 1526 1304 1556 nec
1321 1511 1572 1556 libertatem

185 1566 349 1621 deberi,
381 1569 483 1623 quia
501 1584 589 1612 non
621 1570 678 1613 sit
697 1570 815 1627 data,
848 1587 929 1615 nec
960 1573 1175 1630 legatum,
1206 1573 1312 1629 quia
1343 1587 1470 1617 servo
1491 1587 1571 1617 suo

185 1626 359 1670 dederit.
424 1627 508 1671 Sed
549 1630 657 1673 mihi
698 1632 955 1676 manifestus
997 1649 1117 1677 error
1147 1634 1339 1691 videtur,
1383 1633 1572 1691 ideoque

186 1690 293 1743 puto
325 1689 468 1744 nobis,
511 1692 634 1745 quasi
672 1693 894 1749 scripserit
932 1693 1116 1751 Sabina,
1153 1694 1421 1751 faciendum,
1453 1694 1573 1752 quod

185 1748 281 1803 ipsa
312 1750 534 1804 scripsisse
566 1766 611 1794 se
644 1754 836 1798 credidit.
888 1753 1070 1799 Confido
1104 1771 1380 1801 accessurum
1410 1758 1456 1800 te
1475 1771 1571 1801 sen·
1596 1769 1630 1799 ιε

185 1809 346 1852 tentiae
378 1825 515 1866 meae,
546 1826 643 1855 cum
682 1814 1006 1871 religiosissime
1051 1818 1192 1861 soleas
1237 1817 1458 1862 custodire
1501 1817 1572 1862 de-

185 1869 435 1913 functorum
456 1872 737 1929 voluntatem,
757 1890 887 1930 quam
906 1877 1032 1920 bonis
1050 1878 1284 1922 heredibus
1303 1878 1573 1923 intellexisse

185 1944 265 1986 pro
307 1931 398 1973 iure
439 1934 513 1974 est.
576 1933 730 1989 Neque
768 1937 883 1979 enim
921 1938 1064 1982 minus
1104 1940 1220 1996 apud
1250 1955 1333 1984 nos
1365 1939 1572 1984 honestas

187 2005 317 2045 quam
358 1992 473 2047 apud
514 1993 621 2036 alios
662 1997 895 2040 necessitas
940 1999 1066 2042 valet.
1142 2000 1339 2045 Moretur
1381 2015 1486 2060 ergo
1525 2001 1573 2044 in

185 2051 386 2094 libertate
418 2052 658 2097 sinentibus
689 2056 814 2099 nobis
822 2092 832 2112 ,
865 2058 1035 2102 fruatur
1065 2061 1229 2118 legato,
1269 2062 1396 2119 quasi
1423 2062 1572 2106 omn-ia
1596 2076 1630 2104 ³⁰

187 2111 517 2216 dliligezntisxsitlne
543 2116 716 2159 caverit
781 2116 905 2161 Cavit
937 2121 1071 2176 enim,
1105 2137 1215 2178 quae
1246 2122 1429 2168 heredes
1460 2123 1571 2167 bene

187 2187 210 2214 e
229 2186 299 2229 egi
322 2207 329 2214 .
436 2189 460 2216 a
479 2190 512 2217 e.

285 2319 330 2351 16
357 2316 478 2353 Statio
504 2318 591 2355 add.
617 2331 663 2355 ex
687 2321 737 2357 R.
843 2326 886 2358 21
915 2335 999 2360 cum
1026 2326 1280 2372 prudentibus
1307 2307 1446 2373 RFd,
1475 2327 1572 2373 Otto,

186 2363 602 2461 ffipgnssiffpfssrffis
624 2369 675 2405 M
687 2370 768 2406 VD
779 2379 818 2415 ς,
846 2372 911 2416 Κ,
937 2384 1022 2409 cum
1048 2375 1302 2421 prudentibus
1329 2388 1419 2413 cum
1434 2376 1572 2424 peritis
