1656 2684
579 165 935 203 EPISTULARUM
963 166 978 202 1
1006 170 1038 211 ’1,
1065 170 1098 202 8.
1507 170 1534 211 9

135 281 223 325 hr-
282 278 479 336 Etenim,
517 278 556 322 si
593 278 760 322 alienae
799 293 975 335 quoque
1013 278 1163 322 laudes
1195 294 1348 335 parum
1384 279 1534 335 aequis

136 339 317 386 mribus
348 340 491 398 accipi
522 340 686 395 solent,
725 354 857 396 quam
894 340 1077 383 difficile
1115 342 1182 383 est
1220 340 1442 395 obtinere,
1480 356 1535 383 ne

135 401 325 446 molesta
353 400 555 446 videatur
586 401 728 444 oratio
761 400 814 444 de
846 416 892 444 se
924 405 1002 444 aut
1039 401 1092 444 de
1133 401 1223 444 suis
1265 401 1536 445 disserentis!

135 461 255 507 Nam
285 477 387 508 cum
419 463 506 520 ipsi
536 462 758 506 honestati
789 465 884 505 tum
924 463 1151 518 aliquanto
1190 463 1331 520 magis
1370 463 1536 520 gloriae

91 536 113 566 ι
135 523 231 569 eius
262 523 667 582 praedicationique
699 523 943 567 invidemus
971 527 1102 579 atque
1135 539 1186 567 ea
1211 524 1386 567 demum
1419 527 1536 568 recte

134 585 255 630 facta
284 586 431 629 minus
463 585 775 641 detorquemus
808 588 852 627 et
884 586 1127 641 carpimus,
1160 600 1271 641 quae
1303 586 1350 628 111
1383 585 1536 628 obscu-

134 647 268 691 ritate
299 649 344 691 et
375 646 551 690 silentio
576 648 862 703 reponuntur
927 645 1024 698 Qua
1050 661 1103 689 ex
1130 661 1261 690 causa
1286 662 1415 703 saepe
1442 647 1535 703 ipse
1563 658 1583 690 7

135 721 331 764 mecum,
370 707 558 752 nobisne
594 709 785 760 tantum,
825 707 1039 764 quidquid
1078 710 1146 751 est
1182 708 1319 764 istud,
1358 723 1536 764 compo·

137 769 279 814 8111888
308 784 367 813 an
397 771 444 813 et
473 768 571 812 aliis
603 768 847 812 debeamus.
912 768 975 813 Ut
999 769 1147 825 nobis,
1179 742 1387 812 admonet
1413 770 1536 824 illud,

77 843 115 871 ιο
139 829 259 888 quod
282 830 505 888 pleraque,
530 844 642 887 quae
667 833 771 873 sunt
796 830 991 887 agendae
1012 831 1077 873 rei
1101 832 1359 885 necessaria,
1385 831 1535 874 eadem

136 893 316 949 peracta
356 906 439 936 nec
487 892 725 935 utilitatem
775 906 926 948 parem
976 907 1058 935 nec
1102 892 1289 949 gratiam
1334 892 1534 935 retinent.

137 951 225 1010 Ac,
260 967 318 997 ne
353 952 530 1011 longius
569 952 770 1009 exempla
804 955 1075 1009 repetamus,
1113 953 1218 1009 quid
1258 953 1411 996 utilius
1451 953 1537 996 fuit
1562 963 1584 996 8

138 1028 273 1072 quam
296 1013 624 1058 munificentiae
649 1013 865 1057 rationem
892 1014 1024 1057 etiam
1053 1014 1155 1057 stilo
1183 1014 1421 1071 prosequi?
1455 1014 1538 1057 Per

38 1085 47 1090 “
136 1074 225 1120 hoc
259 1074 378 1119 enim
415 1074 779 1132 adsequebamur,
818 1075 1008 1131 primum
1047 1078 1098 1118 ut
1134 1075 1331 1118 honestis
1373 1076 1536 1134 cogita-

77 1148 114 1177 15
137 1135 335 1180 tionibus
353 1136 685 1192 inmoraremur,
710 1136 866 1179 deinde
891 1139 942 1179 ut
966 1136 1340 1193 pulchritudinem
1358 1137 1534 1180 illarum

135 1196 338 1256 longiore
381 1199 572 1241 tractatu
616 1197 962 1254 pervideremus,
1005 1200 1230 1255 postremo
1270 1201 1321 1241 ut
1365 1199 1536 1241 subitae

135 1258 386 1318 largitionis
430 1259 636 1302 comitem
678 1259 993 1315 paenitentiam
1039 1274 1302 1303 caveremus.
1374 1259 1536 1303 Nasce-

135 1319 269 1364 batus
310 1334 365 1364 ex
407 1319 478 1363 1118
524 1320 779 1364 exercitatio
821 1320 1035 1377 quaedam
1077 1321 1420 1364 contemnendae
1461 1335 1538 1390 pe-

138 1380 305 1426 cuniae.
365 1380 552 1437 Nam,c
528 1396 629 1425 cum
662 1396 813 1425 omnes
845 1381 1047 1425 homines
1079 1382 1134 1424 ad
1166 1382 1410 1425 custodiam
1443 1383 1536 1425 eius
1564 1392 1584 1424 9

76 1454 115 1484 ιο
136 1444 297 1486 natura
338 1442 631 1499 restrinxerit,
674 1457 756 1486 nos
801 1446 955 1487 contra
996 1443 1185 1486 multum
1228 1458 1279 1485 ac
1316 1443 1391 1486 diu
1433 1458 1537 1499 pen—

16 1506 21 1510 “
138 1502 296 1548 astatus
346 1518 470 1547 amor
511 1504 789 1547 liberalitatis
833 1504 1140 1548 communibus
1185 1504 1395 1548 avaritiae
1445 1505 1536 1547 vin-

137 1564 250 1609 culis
274 1564 509 1622 eximebat,
533 1568 746 1622 tantoque
774 1565 1039 1608 laudabilior
1064 1565 1366 1608 munificentia
1386 1570 1538 1608 nostra

137 1625 235 1670 fore
274 1625 522 1683 videbatur,
568 1627 685 1683 quod
727 1626 780 1669 ad
824 1626 945 1669 illam
986 1641 1077 1669 11011
1121 1627 1289 1682 impetu
1334 1628 1538 1683 quodam,

138 1686 215 1731 sed
253 1687 439 1732 consilio
476 1687 770 1731 trahebamur.
834 1686 1084 1731 Accedebat
1115 1687 1183 1730 his
1216 1688 1379 1744 causis,
1418 1688 1535 1744 quod
1567 1699 1611 1731 10

77 1760 115 1789 ⁸⁸
138 1762 231 1792 11011
258 1748 389 1792 ludos
415 1751 492 1792 aut
517 1749 801 1806 gladiatores,
833 1748 907 1791 sed
940 1763 1109 1792 annuos
1142 1753 1346 1805 sumptus
1380 1750 1426 1791 in
1459 1750 1531 1792 ali-

138 1812 289 1853 menta
326 1810 618 1867 ingenuorum
660 1809 989 1865 pollicebamur.
1054 1808 1295 1853 Oculorum
1328 1825 1460 1866 porro
1495 1814 1537 1853 et

139 1870 313 1914 aurium
345 1870 596 1926 voluptates
629 1870 736 1914 adeo
768 1885 859 1914 non
891 1874 1023 1929 egent
1055 1871 1456 1926 commendatione,
1489 1876 1537 1914 ut

139 1945 231 1974 11011
268 1932 358 1974 tam
396 1931 571 1974 incitari
610 1930 796 1975 debeant
835 1932 1032 1975 oratione
1073 1947 1204 1988 quam
1244 1933 1446 1989 reprimi3
1487 1936 1536 1975 ut
1565 1944 1607 1975 11

139 2006 244 2035 vero
283 1991 444 2049 aliquis
483 1991 672 2036 libenter
709 1993 980 2037 educationis
1019 1994 1210 2036 taedium
1251 1994 1536 2050 laboremque

0 2087 3 2090 .
79 2065 116 2094 a·
140 2052 373 2110 suscipiat,
410 2067 502 2096 non
533 2053 738 2110 praemiis
771 2055 923 2110 modo,
954 2069 1105 2097 verum
1140 2056 1271 2098 etiam
1306 2055 1535 2110 exquisitis

86 2130 88 2132 ’
140 2112 523 2158 adhortationibus
556 2114 878 2171 impetrandum
911 2119 987 2158 est.
1045 2115 1179 2171 Nam,
1212 2116 1249 2158 si
1283 2116 1438 2158 medici
1472 2131 1535 2158 sa·
1567 2128 1608 2158 ι’.»

139 2174 307 2231 lubres,
346 2175 420 2219 sed
460 2175 687 2231 voluptate
726 2180 921 2220 carentes
961 2177 1082 2220 cibos
1123 2176 1426 2220 blandioribus
1465 2177 1536 2219 ad-

139 2235 304 2293 loquiis
336 2239 644 2293 prosecuntur,
678 2241 843 2293 quanto
878 2238 1017 2294 magis
1051 2237 1197 2281 decuit
1230 2237 1404 2293 publice
1437 2252 1537 2281 con-

141 2297 358 2341 sulentem
384 2297 667 2341 utilissimum
696 2313 874 2355 munus,
902 2298 977 2342 sed
1003 2314 1092 2341 non
1119 2299 1299 2354 perinde
1326 2299 1537 2355 populare

82 2369 119 2398 88
143 2360 351 2403 comitate
372 2358 582 2402 orationis
610 2358 844 2403 inducere?
876 2360 1130 2417 praesertim
1159 2375 1258 2403 cum
1286 2360 1535 2403 enit-endum

242 2493 287 2526 84
315 2490 475 2537 perinde
502 2502 578 2527 non
606 2491 802 2537 RFpra.
