1630 2678
80 1514 124 1546 10

81 1756 123 1788 11

81 2058 125 2090 12

148 120 232 165 118
733 112 772 150 e.
799 111 932 149 PLINT
1019 114 1022 118 ·

146 227 490 286 aequissimum'.
524 224 720 269 Adhibui
752 225 799 268 in
831 223 1063 268 consilium
1095 222 1226 278 duos,
1269 235 1382 279 quos
1422 223 1532 267 tunc

146 291 300 335 civitas
332 291 483 333 nostra
503 285 845 343 spectatissimos
864 283 1037 340 habuit,
1063 282 1301 327 Corellium
1332 284 1378 328 et
1395 281 1532 328 Fron·

147 351 300 394 tinum.
364 348 445 392 His
477 347 771 391 circumdatus
803 346 850 389 in
881 344 1084 389 cubiculo
1116 358 1214 388 meo
1241 343 1344 389 sedi.
1406 343 1534 388 Dixit

148 411 378 465 Curianus,
410 423 519 465 quae
551 423 631 464 pro
665 422 709 450 se
742 407 936 463 putabat.
1000 404 1227 462 Respondi
1256 405 1409 462 paucis
1448 419 1532 464 ego

147 471 306 529 (neque
338 470 453 514 enim
486 469 635 512 aderat
666 467 794 523 alius,
834 467 909 524 qui
943 467 1174 510 defunctae
1212 466 1427 523 pudorem
1463 469 1533 510 tu·

147 531 326 589 eretur);
359 530 511 574 deinde
532 529 688 573 secessi
721 531 764 572 et
789 543 843 572 ex
868 527 1041 572 consilii
1066 527 1284 571 sententia
1309 526 1533 572 ‘Videtur'

147 594 344 648 inquam,
389 590 612 646 ‘Curiane,
650 592 790 633 mater
830 592 907 632 tua
943 589 1080 632 iustas
1131 587 1338 634 habuisse
1379 603 1532 634 causas

146 653 358 697 irascendi
389 651 498 695 tibi.’
562 651 669 694 Post
709 651 794 694 hoc
826 651 900 693 ille
942 665 1042 693 cum
1074 649 1228 694 ceteris
1273 649 1534 708 subscripsit

147 714 456 759 centumvirale
487 712 708 767 iudicium,
741 726 831 755 non
850 711 1111 768 subscripsit
1135 725 1320 756 mecum.
1388 709 1534 769 Adpe-

145 775 263 818 tebat
294 773 444 817 iudicii
475 772 575 817 dies.
640 771 881 816 Coheredes
914 772 1000 816 mei
1032 786 1294 829 componere
1325 774 1370 816 et
1394 774 1534 817 trans-

147 837 262 894 igere
295 835 531 891 cupiebant
561 849 650 877 non
683 833 927 876 diffidentia
960 848 1134 890 causae,
1165 833 1240 877 sed
1280 829 1402 877 metu
1426 835 1535 878 tem-

146 911 313 953 porum.
378 895 669 950 Verebantur,
711 894 828 951 quod
869 893 1075 938 videbant
1118 894 1271 938 multis
1313 893 1537 952 accidisse,

145 973 198 1000 ne
230 972 283 1000 ex
303 956 604 1000 centumvirali
636 956 798 999 iudicio
825 955 980 1012 capitis
1000 956 1064 999 rei
1090 955 1270 1000 exirent.
1325 955 1387 1000 Et
1412 958 1538 1000 erant

147 1018 322 1074 quidam
356 1018 401 1060 in
435 1017 541 1072 illis,
575 1017 732 1073 quibus
772 1016 886 1060 obici
925 1019 969 1060 et
1009 1015 1219 1061 Gratillae
1257 1017 1452 1062 amicitia
1492 1019 1537 1061 et

146 1078 315 1122 Rustici
346 1080 506 1134 posset.
569 1077 746 1135 Rogant
777 1093 865 1134 me,
901 1081 952 1121 ut
993 1093 1092 1122 cum
1135 1076 1324 1122 Curiano
1365 1079 1534 1136 loquar.

147 1138 436 1183 Convenimus
470 1140 515 1181 in
547 1139 696 1182 aedem
729 1137 1005 1182 Concordiae.
1068 1138 1137 1183 Ibi
1162 1153 1245 1198 ego
1278 1137 1348 1183 ‘Si
1373 1138 1535 1183 mater'

145 1200 323 1256 inquam
358 1200 420 1243 ‘te
452 1215 506 1243 ex
537 1202 660 1256 parte
699 1202 854 1256 quarta
886 1200 1132 1258 scripsisset
1162 1200 1389 1258 heredem,
1426 1215 1535 1244 num

147 1260 269 1317 queri
301 1259 484 1316 posses?
546 1259 660 1312 Quid
687 1261 723 1304 si
748 1261 949 1304 heredem
982 1261 1159 1318 quidem
1191 1260 1457 1306 instituisset
1481 1277 1536 1306 ex

146 1336 257 1377 asse,
290 1321 364 1364 sed
395 1322 550 1378 legatis
583 1321 646 1364 ita
677 1322 967 1378 exhausisset,
998 1325 1050 1366 ut
1079 1337 1171 1366 non
1195 1322 1386 1380 amplius
1418 1321 1538 1380 apud

147 1385 189 1425 te
223 1397 351 1438 quam
386 1385 540 1438 quarta
558 1383 828 1426 remaneret?
891 1383 1034 1441 Igitur
1059 1383 1261 1428 sufficere
1286 1383 1370 1428 tibi
1395 1383 1538 1440 debet,

149 1443 185 1485 si
217 1443 498 1486 exheredatus
532 1459 557 1486 a
588 1446 725 1486 matre
759 1447 958 1500 quartam
998 1447 1169 1502 partem
1207 1445 1262 1489 ab
1302 1444 1537 1489 heredibus

150 1503 241 1546 eius
275 1504 479 1559 accipias,
512 1519 642 1560 quam
674 1507 822 1548 tamen
855 1520 936 1563 ego
970 1506 1153 1564 augebo.
1226 1504 1323 1550 Scis
1360 1507 1406 1550 te
1446 1521 1538 1550 non

151 1563 454 1619 subscripsisse
499 1580 667 1608 mecum
707 1568 750 1608 et
780 1566 866 1609 iam
918 1567 1143 1611 biennium
1193 1566 1402 1611 transisse
1447 1582 1538 1626 om-

150 1624 307 1679 niaque
339 1640 407 1667 me
439 1640 521 1667 usu
554 1626 727 1681 cepisse.
793 1626 878 1671 Sed
898 1630 948 1671 ut
966 1630 1010 1671 te
1043 1627 1276 1672 coheredes
1308 1628 1396 1672 mei
1426 1630 1538 1672 trac-

151 1684 396 1727 tabiliorem
436 1686 732 1743 experiantur,
771 1691 908 1744 utque
947 1689 1029 1732 tibi
1060 1689 1174 1733 nihil
1213 1688 1445 1733 abstulerit
1473 1704 1539 1733 re·

151 1744 343 1787 verentia
375 1746 476 1798 mei,
516 1747 648 1790 offero
680 1763 759 1804 pro
793 1765 888 1792 mea
926 1753 1049 1806 parte
1086 1749 1374 1795 tantundem?
1436 1748 1539 1794 Tuli

150 1805 342 1848 fructum
375 1821 463 1848 non
495 1808 785 1852 conscientiae
817 1811 966 1864 modo,
1011 1827 1163 1855 verum
1209 1811 1342 1855 etiam
1383 1811 1538 1856 famae.

152 1864 232 1908 Ille
275 1881 377 1923 ergo
424 1865 634 1911 Curianus
675 1868 868 1926 legatum
911 1872 1018 1915 mihi
1062 1873 1242 1930 reliquit
1285 1874 1330 1916 et
1372 1872 1539 1916 factum

151 1941 309 1981 meum,
339 1927 424 1969 nisi
455 1927 567 1970 forte
599 1929 799 1973 blandior
832 1932 951 1988 mihi,
985 1933 1215 1990 antiquum
1242 1932 1430 1978 notabili
1459 1933 1539 1978 ho-

153 2001 259 2030 nore
292 1986 491 2045 signavit.

230 2046 351 2091 Haec
383 2048 464 2090 tibi
497 2049 671 2105 scripsi,
701 2051 803 2106 quia
844 2052 895 2095 de
938 2055 1157 2110 omnibus,
1201 2070 1312 2112 quae
1355 2070 1424 2098 me
1468 2055 1540 2111 vel

153 2107 370 2151 delectant
407 2109 476 2151 vel
508 2113 686 2166 angunt,
719 2126 809 2154 non
841 2114 967 2157 aliter
1006 2117 1151 2159 tecum
1193 2131 1325 2173 quam
1366 2130 1539 2160 mecum

152 2169 277 2225 loqui
309 2169 447 2224 soleo,
481 2169 634 2213 deinde
661 2172 777 2226 quod
804 2173 960 2217 durum
987 2176 1290 2221 existimabam
1323 2179 1368 2221 te
1393 2192 1540 2221 ama-n·

153 2228 373 2272 tissimum
406 2230 490 2272 mei
521 2230 721 2274 fraudare
753 2234 995 2293 voluptate,
1029 2252 1159 2293 quam
1179 2238 1273 2295 ipse
1300 2238 1539 2295 capiebam.

252 2375 273 2407 9
293 2383 442 2408 mecum
462 2385 538 2409 non
558 2373 699 2411 subscr.
715 2376 752 2412 R
764 2377 804 2412 F
805 2388 834 2422 p
845 2390 864 2413 r
874 2390 908 2414 α.
1010 2384 1055 2416 29
1076 2381 1323 2428 antiquorum
1342 2383 1381 2421 R
1390 2383 1494 2430 Fpr
1503 2394 1540 2429 a,

154 2421 350 2467 antiquom
376 2420 396 2457 ?
423 2422 554 2458 Muell.

1559 788 1596 816 10

1561 1092 1596 1121 15

1562 1398 1600 1426 20

1564 2010 1601 2037 80
