1630 2678
183 136 268 181 100
766 126 805 164 ο.
831 124 964 162 Pmm

180 247 295 289 enim
329 243 497 287 abunde
531 240 720 284 sufficiat
757 238 843 293 illi,
886 235 1003 292 quod
1048 236 1114 278 est
1154 235 1199 277 et
1229 247 1257 277 a
1286 231 1488 290 principe
1518 233 1563 276 et

181 323 207 351 a
250 308 400 350 senatu
444 302 669 359 probatus,
714 298 921 358 gaudebit
970 300 1117 339 tamen
1166 293 1422 338 testimonio
1471 295 1561 337 tuo.

181 366 340 410 Omnes
373 365 504 418 enim,
538 362 613 418 qui
645 361 786 419 gloria
816 359 1018 414 famaque
1051 356 1291 412 ducuntur,
1323 354 1485 399 mirum
1517 354 1564 398 in

182 427 357 471 modum
384 424 580 468 adsensio
620 425 662 466 et
705 421 799 464 laus
844 436 870 463 a
907 418 1150 462 minoribus
1191 417 1325 460 etiam
1364 411 1565 474 profecta

181 489 373 531 delectat.
437 485 498 528 Te
531 498 631 527 vero
664 482 943 526 Marcellinus
976 480 1038 523 ita
1075 480 1271 534 veretur,
1309 479 1361 521 ut
1399 476 1562 521 iudicio
1589 495 1606 524 ε

181 553 255 592 tuo
289 547 522 603 plurimum
561 545 734 588 tribuat.
807 541 990 586 Accedit
1029 541 1115 596 his,
1161 538 1294 595 quod,
1334 537 1372 582 si
1402 552 1564 597 cogno-

181 609 290 652 verit
320 608 482 651 factum
515 621 641 650 suurn
674 606 759 648 isto
804 618 936 659 usque
967 603 1240 659 penetrasse,
1281 613 1459 644 necesse
1498 602 1566 643 est

179 670 318 713 laudis
351 683 452 711 suae
485 667 627 724 spatio
654 669 697 709 et
729 679 858 708 cursu
893 667 937 707 et
977 661 1330 720 peregrinatione
1365 661 1565 704 laetetur.

180 730 354 774 Etenim
397 730 543 772 nescio
592 742 678 783 quo
729 729 858 783 pacto
901 725 970 767 vel
1014 723 1154 781 magis
1197 722 1399 766 homines
1438 721 1566 765 iuvat

181 792 321 849 gloria
350 791 440 833 lata
472 805 603 845 quam
637 802 805 846 magna.
858 785 977 829 Vale.
1591 801 1629 830 1⁰

206 938 396 986 dcam
427 932 488 986 fh
506 924 576 968 [1⁵⁶
596 926 691 964 Am
714 916 801 964 ζῆ,
817 910 930 951 XIII.

399 1002 440 1035 C.
465 1001 664 1034 PLINIUS
691 999 941 1033 CORNELIO
969 997 1151 1031 TACITO
1186 995 1280 1031 SUO
1308 995 1346 1030 S·

261 1081 438 1125 Salvum
470 1085 506 1124 te
538 1082 584 1123 in
615 1080 765 1123 urbem
798 1079 967 1122 venisse
1000 1077 1188 1136 gaudeo3
1219 1076 1380 1120 venisti
1407 1077 1566 1131 autem,

184 1144 220 1187 si
253 1143 425 1199 quando
465 1143 582 1197 alias,
614 1156 731 1184 nunc
762 1140 949 1183 maxime
981 1139 1090 1182 mihi
1121 1137 1404 1182 desideratus.
1466 1135 1568 1194 Ipse

183 1204 379 1261 pauculis
412 1203 553 1246 adhuc
591 1202 741 1245 diebus
783 1202 830 1244 in
870 1201 1118 1244 Tusculano
1160 1198 1478 1255 commorabor,
1518 1199 1569 1241 ut
1595 1215 1630 1244 ιε

139 1298 156 1309 ..
184 1265 452 1321 opusculum,
486 1263 602 1319 quod
648 1266 714 1306 est
744 1263 790 1305 in
834 1262 1044 1317 manibus,
1089 1261 1327 1304 absolvam.
1402 1258 1570 1303 Vereor

185 1327 311 1381 enim,
343 1341 411 1381 ne,
455 1325 491 1367 si
535 1324 649 1368 hanc
692 1323 979 1367 intentionem
1021 1323 1109 1366 iam
1153 1322 1200 1365 in
1230 1321 1320 1365 fine
1349 1321 1570 1376 laxavero,

185 1401 311 1443 aegre
353 1401 578 1429 resumam.
651 1384 845 1439 Interim,
887 1400 941 1427 ne
986 1384 1090 1440 quid
1132 1381 1407 1427 festinationi
1447 1396 1569 1425 meae

185 1451 346 1503 pereat,
378 1447 493 1502 quod
526 1462 620 1490 sum
651 1460 856 1502 praesens
889 1446 1125 1502 petiturus,
1157 1445 1241 1488 hac
1282 1443 1409 1500 quasi
1449 1457 1571 1500 prae·
1607 1472 1610 1476 .

189 1509 380 1550 cursoria
404 1507 592 1563 epistula
634 1522 755 1564 rogo.
819 1505 903 1549 Sed
948 1507 1069 1563 prius
1114 1505 1263 1562 accipe
1308 1518 1459 1549 causas
1501 1518 1571 1547 ro·
1595 1521 1630 1549 ὀ

189 1568 338 1625 gandi,
382 1568 534 1611 deinde
578 1569 740 1624 ipsum,
791 1567 908 1623 quod
951 1571 1067 1624 peto.
1130 1565 1336 1610 Proxime
1380 1579 1481 1609 cum
1523 1563 1572 1608 in

189 1629 330 1684 patria
361 1644 455 1671 mea
485 1629 566 1684 fui,
598 1629 718 1672 venit
743 1628 797 1671 ad
818 1644 886 1672 me
912 1628 1191 1672 salutandum
1216 1625 1451 1683 municipis
1483 1625 1572 1669 mei

189 1690 304 1732 filius
343 1692 645 1745 praetextatus.
708 1689 824 1733 Huic
863 1704 945 1747 ego
972 1688 1196 1733 ‘Studes?’
1232 1688 1426 1744 inquam.
1488 1685 1573 1730 Re-

190 1749 386 1806 spondit:
418 1748 602 1792 ‘Etiam.'
652 1748 803 1794 ‘Ubi‘?.’
858 1749 1133 1794 ‘Mediolani’
1188 1747 1296 1793 ‘Gur
1325 1762 1418 1794 non
1446 1745 1568 1799 hic?

190 1810 249 1852 Et
281 1813 404 1866 pater
435 1810 526 1852 eius
566 1811 676 1867 (erat
720 1811 834 1854 enim
879 1827 966 1854 una
1010 1814 1141 1867 atque
1186 1810 1320 1855 etiam
1362 1809 1458 1867 ipse
1498 1804 1630 1854 ad-‘su

191 1871 372 1913 duxerat
409 1870 628 1928 puerum):
661 1870 791 1921 ‘Quia
821 1873 966 1915 nullos
997 1873 1069 1916 hic
1107 1873 1411 1929 praeceptores
1441 1869 1571 1914 habe·

190 1928 307 1974 mus.'
362 1929 521 1982 ‘Quare
546 1932 720 1974 nullos?
751 1947 851 1974 nam
876 1933 1154 1976 vehementer
1182 1933 1393 1976 intererat
1416 1933 1574 1987 vestra,

191 1993 267 2048 qui
292 1994 435 2047 patres
462 1991 580 2034 estis'
616 1994 680 2049 (et
706 1996 948 2048 opportune
975 1995 1219 2050 complures
1251 1995 1397 2050 patres
1428 1991 1575 2036 audie-

192 2051 330 2111 bant),
367 2050 544 2095 ‘liberos
588 2056 754 2096 vestros
792 2054 863 2096 hic
907 2055 1185 2110 potissimum
1235 2054 1412 2098 discere.
1483 2051 1574 2097 Ubi

192 2113 306 2156 enim
339 2116 414 2156 aut
458 2113 685 2156 iucundius
731 2119 1002 2158 morarentur
1046 2123 1176 2178 quam
1221 2116 1269 2159 in
1310 2114 1455 2172 patria
1497 2115 1574 2158 aut
1599 2131 1630 2159 aa

291 2248 311 2280 5
331 2245 523 2280 reveretur
542 2245 592 2280 M
605 2245 646 2288 V,
667 2245 717 2298 K.
738 2246 770 2280 Ι.
867 2250 908 2280 12
931 2245 1103 2283 Cornelio
1124 2259 1170 2284 ex
1189 2248 1238 2284 R.
1333 2250 1380 2283 18
1404 2247 1572 2295 tepra,

195 2292 245 2328 K.
260 2293 295 2336 1,
319 2304 387 2329 om.
407 2293 500 2337 rell„
517 2292 665 2328 venisse
686 2293 781 2342 <te>
801 2294 821 2330 ,9
842 2295 973 2331 Muell.
1075 2299 1118 2331 15
1145 2295 1320 2332 Tuscano
1342 2296 1575 2339 Momm„

193 2341 257 2377 sed
280 2341 329 2385 cf.
355 2341 461 2385 infra
494 2342 530 2377 V
549 2345 583 2385 6,
610 2344 668 2377 45.
822 2347 864 2378 17
892 2343 1064 2380 laxavero
1092 2345 1262 2391 RFDp
1273 2357 1316 2390 a,
1342 2344 1394 2381 K.
1414 2345 1451 2389 Ι,
1478 2343 1576 2388 Ode,

194 2389 328 2434 Μανῆ,
354 2390 499 2434 Μαεῐῑ.,
529 2390 766 2426 intermisero
795 2392 845 2427 M
857 2392 906 2427 Vr
916 2401 955 2436 ς,
982 2393 1032 2428 K.
1054 2394 1110 2429 II.
1237 2396 1281 2429 19
1307 2390 1576 2440 praeceptoria

195 2437 360 2483 RFru,
380 2449 569 2484 praecurs.
589 2439 668 2475 rell.
758 2443 801 2475 21
824 2439 959 2476 deinde
979 2440 1003 2476 i.
1020 2454 1054 2486 q.
1070 2443 1159 2487 peto
1180 2442 1387 2488 RFpra,
1403 2451 1475 2479 om.
1493 2439 1574 2479 rou.

1596 2595 1630 2678 ahi.
1626 2526 1630 2578 .-.„
1624 2490 1630 2496 2
1624 2432 1630 2472 a,
