1716 2742
151 145 241 190 316
594 142 631 180 G.
661 141 798 178 PLINI
824 141 890 178 ET
917 141 1131 179 TRAIANI

148 259 197 302 in
223 262 380 303 senatu
408 258 595 302 aliarum
623 257 874 315 civitatum,
909 257 1109 301 eiusdem
1140 260 1293 302 tamen
1317 256 1576 315 provinciae

150 321 280 366 cives.
354 320 473 365 Nam
516 323 560 364 et
596 319 710 379 legis
751 320 993 365 auctoritas
1033 322 1079 364 et
1119 320 1258 379 longa
1297 318 1575 365 consuetudo

149 386 364 442 usurpata
397 385 553 428 contra
584 384 732 442 legem
765 383 813 427 in
847 382 1072 427 diversum
1112 397 1291 427 movere
1329 385 1374 427 te
1413 382 1575 440 potuit.

147 447 261 491 Mihi
286 446 374 490 hoe
400 449 805 504 temperamentum
832 446 926 490 eius
953 446 1144 504 placuit7
1175 448 1227 490 ut
1253 461 1308 490 ex
1333 445 1576 504 praeterito

147 509 262 553 nihil
294 524 595 566 moveremus,
629 509 705 554 sed
737 511 969 553 manerent
1003 509 1208 566 quamvis
1242 512 1399 553 contra
1430 509 1577 568 legem
1605 523 1621 552 5

148 571 305 616 adsciti
359 587 744 630 quarumcumque
797 571 1032 616 civitatum
1084 572 1221 629 cives,
1274 571 1320 615 in
1372 571 1576 616 futurum

148 637 296 679 autem
337 635 411 679 lex
451 634 666 694 Pompeia
705 635 1034 692 observaretur3
1080 635 1206 680 ouius
1245 633 1339 678 vim
1377 633 1416 679 si
1455 637 1576 679 retro

148 713 327 755 quoque
373 698 562 743 velimus
623 698 868 754 custodire,
926 699 1069 742 multa
1127 712 1308 743 necesse
1360 699 1429 742 est
1479 711 1578 755 per-

146 761 329 806 turbari.

667 853 812 894 cxvi.
848 851 1053 906 [cxvii]
1605 870 1640 897 10

423 942 466 977 C.
486 943 693 980 PLINIUS
722 943 946 978 TRAIANO
974 942 1307 977 IMPERATORI.

243 1024 331 1078 Qui
364 1025 540 1070 virilem
573 1029 729 1086 togam
763 1028 948 1071 sumunt
979 1027 1052 1070 vel
1083 1025 1266 1084 nuptias
1299 1023 1473 1069 faciunt
1504 1024 1578 1069 vel

146 1088 304 1133 ineunt
331 1089 645 1148 magistratum
672 1091 744 1134 vel
771 1105 885 1148 opus
912 1089 1145 1147 publicum
1173 1087 1399 1146 dedicant,
1431 1088 1579 1133 solent

145 1154 288 1196 totam
321 1152 458 1196 bulen
490 1155 624 1210 atque
658 1153 793 1197 etiam
827 1169 850 1197 e
884 1152 1015 1211 plebe
1047 1168 1141 1196 non
1173 1151 1386 1211 exiguum
1424 1166 1578 1196 nume-

144 1230 245 1259 rum
272 1230 432 1260 vocare
459 1215 680 1274 binosque
708 1216 913 1260 denarios
940 1215 1013 1259 vel
1039 1215 1243 1274 singulos
1271 1214 1388 1258 dare.
1447 1212 1576 1267 Quod
1605 1234 1640 1262 ιε

146 1293 203 1322 an
237 1278 550 1323 celebrandum
585 1282 629 1323 et
656 1281 875 1337 quatenus
905 1281 1056 1337 putes,
1088 1293 1200 1338 rogo
1229 1277 1410 1322 scribas.
1474 1275 1578 1335 Ipse

146 1340 282 1399 enim,
327 1342 444 1386 sicut
485 1341 696 1400 arbitror,
739 1342 1001 1400 praesertim
1045 1357 1100 1386 ex
1140 1341 1432 1386 sollemnibus
1477 1354 1578 1385 oau-

146 1403 226 1462 sis,
259 1404 563 1450 concedendas
597 1405 767 1450 iussisti
800 1404 1107 1462 invitationes,
1151 1407 1198 1448 at
1229 1418 1404 1462 vereor,
1443 1418 1499 1447 ne
1531 1403 1576 1461 ii,

146 1467 225 1524 qui
277 1468 401 1512 mille
452 1468 677 1526 homines,
731 1468 958 1512 interdum
1010 1468 1145 1512 etiam
1197 1468 1349 1525 plures
1400 1468 1578 1524 vocant,

146 1530 331 1574 modum
383 1531 594 1576 excedere
647 1534 692 1576 et
745 1531 793 1575 in
848 1530 1043 1589 speciem
1097 1530 1327 1575 dianomes
1379 1529 1576 1574 incidere
1604 1550 1640 1578 κο

146 1593 394 1638 videantur.

646 1686 811 1727 oxvn.
849 1684 1073 1739 [CXVIII]

629 1776 884 1811 TRAIANUS
911 1776 1101 1810 PLINIO.

239 1858 401 1903 Merito
436 1860 620 1917 vereris,
654 1876 710 1904 ne
744 1860 792 1904 in
818 1859 1013 1918 speciem
1046 1859 1278 1903 dianomes
1311 1857 1482 1903 incidat
1513 1857 1578 1902 in-

146 1921 323 1979 vitatio,
367 1937 479 1980 quae
523 1926 568 1967 et
609 1923 656 1967 in
697 1938 885 1967 numero
928 1922 1112 1966 modum
1153 1921 1327 1966 excedit
1366 1923 1411 1966 et
1449 1921 1578 1979 quasi
1604 1940 1640 1968 25

146 2000 226 2042 per
259 1999 466 2044 corpora,
512 2001 604 2030 non
637 1986 806 2030 viritim
847 1985 1050 2044 singulos
1093 2000 1148 2030 ex
1186 1984 1350 2029 notitia
1390 1984 1446 2028 ad
1492 1984 1578 2030 sol-

145 2048 314 2092 lemnes
349 2050 574 2107 sportulas
609 2049 848 2094 contrahit.
915 2047 1001 2093 Sed
1036 2063 1120 2108 ego
1155 2048 1256 2092 ideo
1290 2045 1576 2106 prudentiam

146 2112 271 2155 tuam
314 2112 452 2172 elegi,
502 2115 554 2157 ut
595 2112 842 2157 formandis
892 2111 1023 2157 istius
1066 2111 1326 2170 provinciae
1374 2109 1577 2155 moribus

147 2173 242 2230 ipse
269 2175 562 2221 moderareris
590 2178 635 2219 et
661 2191 713 2219 ea
739 2175 1055 2232 constitueres,
1090 2190 1204 2232 quae
1231 2174 1286 2218 ad
1313 2176 1578 2232 perpetuam

148 2237 241 2281 eius
275 2239 533 2294 provinciae
567 2238 764 2296 quietem
799 2240 948 2283 essent
980 2237 1229 2296 profutura.
1604 2256 1640 2284 80

249 2379 270 2411 5
297 2387 539 2412 moveremus
560 2375 757 2421 Beroald„
783 2374 925 2420 Hard„
950 2385 1183 2411 novaremus
1210 2386 1248 2420 a,
1274 2383 1504 2411 noveremus
1525 2372 1574 2410 A.

149 2428 195 2462 18
217 2426 509 2462 eoncedendum
528 2426 679 2462 iussisti
699 2425 955 2462 invitationes
970 2425 1020 2471 B,
1036 2425 1234 2469 Budaeus,
1254 2424 1419 2461 correxit
1432 2423 1574 2469 Hard.,

148 2475 441 2513 concedendum
462 2476 523 2513 ius
544 2475 790 2512 invitationis
811 2475 1000 2522 Scheffer„
1023 2475 1074 2512 K.
1091 2475 1151 2521 II,
1173 2474 1324 2520 Μυκη,
1346 2475 1485 2520 Merr„
1504 2473 1578 2511 alii

147 2527 240 2564 alia.
345 2530 392 2563 28
422 2526 671 2575 [formandis]
701 2526 836 2564 Wilde.
