1630 2678
194 135 282 180 134
786 132 823 169 e.
850 131 985 169 PLINI

143 256 164 288 2
193 243 298 289 Sum
342 247 386 288 et
426 246 518 301 ipse
560 244 606 288 in
650 244 816 288 edendo
858 243 1119 301 haesitator,
1159 247 1210 288 tu
1249 246 1399 290 tamen
1438 260 1582 291 meam

193 321 366 363 quoque
411 305 732 349 cunctationem
784 304 1122 362 tarditatemque
1170 305 1329 351 vicisti.
1390 305 1583 352 Proinde

192 369 268 410 aut
304 382 456 423 rumpe
499 367 585 410 iam
624 380 769 409 moras
808 368 885 409 aut
922 381 1040 423 cave,
1076 382 1132 410 ne
1170 367 1347 412 eosdem
1382 367 1492 412 istos
1529 369 1583 412 li-

193 427 348 483 bellos,
390 442 499 483 quos
540 426 623 470 tibi
663 427 1017 483 hendecasyllabi
1056 428 1199 472 nostri
1239 428 1465 474 blanditiis
1507 430 1582 474 eh·-

142 499 164 531 8
192 503 284 532 cere
309 503 397 531 non
423 491 625 544 possunt,
652 488 850 532 convicio
878 491 1102 532 scazontes
1128 491 1430 548 extorqueant.
1480 489 1583 535 Per·
1606 511 1630 541 ο,

190 549 350 592 fectum
394 563 503 605 opus
549 549 887 605 absolutumque
937 552 1004 593 est
1052 565 1133 594 nec
1183 549 1272 595 iam
1316 551 1584 609 splendescit

188 610 313 664 lima,
352 610 426 652 sed
464 610 676 653 atteritur.
740 609 894 654 Patere
926 626 996 654 me
1034 611 1182 656 videre
1221 612 1404 657 titulum
1440 615 1582 669 tuum,

190 673 336 726 patere
366 671 515 714 audire
540 670 745 727 describi,
771 672 877 729 legi,
908 672 1056 716 venire
1081 673 1310 717 volumina
1333 673 1583 732 Tranquilli
1621 706 1625 711 -

189 731 284 774 mei.
348 730 550 787 Aequum
589 735 656 776 est
691 747 772 776 nos
810 733 857 776 in
895 748 1043 777 amore
1080 736 1173 778 tam
1204 737 1360 779 mutuo
1397 735 1581 780 eandem

189 791 407 895 psci-lcipere
434 808 487 836 ex
518 796 561 836 te
587 794 872 850 voluptatem,
905 809 992 851 qua
1022 797 1072 838 tu
1097 795 1334 852 perfrueris
1359 811 1415 840 ex
1437 797 1580 841 nobis.
1606 817 1630 845 ιι

231 867 256 895 a
275 868 309 895 e.

191 928 426 1008 afflata,
436 933 539 982 153„
582 940 653 973 Ν
763 931 833 971 XI.
869 930 995 984 [ΧΠ]
1032 922 1428 1002 staahfae„

234 1015 275 1049 C.
296 1016 495 1050 PLINIUS
523 1016 807 1052 CALPURNIO
834 1019 1030 1054 FABATO
1058 1019 1351 1056 PROSOCERO
1380 1020 1474 1056 SUO
1503 1020 1541 1056 S.

141 1106 159 1138 1
278 1094 440 1152 Recepi
478 1096 647 1140 litteras
684 1100 800 1154 tuas,
842 1115 894 1142 ex
927 1100 1087 1156 quibus
1119 1101 1309 1160 cognovi
1338 1103 1384 1146 te
1414 1101 1582 1159 specio-

189 1155 403 1199 sissimam
442 1158 660 1213 porticum
700 1159 781 1202 sub
819 1162 896 1203 tuo
936 1161 1104 1218 filiique
1141 1162 1208 1206 tui
1244 1162 1424 1207 nomine
1463 1163 1582 1208 dedi·
1606 1181 1630 1213 ιι

188 1230 319 1272 casse,
349 1218 547 1274 sequenti
573 1219 642 1262 die
667 1220 714 1262 in
739 1224 965 1277 portarum
992 1226 1196 1267 ornatum
1221 1223 1455 1281 pecuniam
1479 1239 1581 1282 pro-

188 1277 368 1334 misisse,
401 1282 451 1321 ut
481 1280 655 1324 initium
686 1296 826 1325 novae
851 1283 1126 1328 liberalitatis
1159 1287 1275 1329 esset
1306 1299 1582 1330 consumma-

140 1349 161 1381 2
189 1338 250 1380 tio
283 1339 454 1394 prioris.
518 1340 694 1385 Gaudeo
733 1344 925 1399 primum
957 1347 1034 1388 tua
1067 1346 1228 1403 gloria,
1265 1347 1391 1391 cuius
1423 1346 1478 1390 ad
1509 1361 1580 1391 me

189 1413 288 1454 pars
322 1400 468 1456 aliqua
499 1417 580 1457 pro
611 1404 932 1449 necessitudine
969 1409 1121 1450 nostra
1152 1407 1386 1464 redundat,
1424 1407 1579 1452 deinde
1624 1422 1630 1446 ι·

190 1459 306 1514 quod
339 1463 590 1505 memoriam
630 1465 769 1508 soceri
807 1467 892 1509 mei
930 1468 1239 1523 pulcherrimis
1278 1469 1484 1526 operibus
1515 1469 1579 1512 vi-
1604 1486 1630 1523 ιι

190 1519 269 1562 deo
315 1522 515 1578 proferri,
568 1527 789 1579 postremo
833 1529 950 1583 quod
1001 1529 1146 1585 patria
1177 1532 1331 1574 nostra
1373 1529 1580 1587 florescit,
1627 1579 1630 1589 Σ

191 1594 320 1635 quam
354 1583 461 1625 mihi
499 1599 523 1626 a
556 1600 831 1644 quocumque
870 1590 1011 1633 excoli
1043 1590 1303 1647 iucundum,
1341 1606 1367 1634 a
1396 1593 1441 1635 te
1474 1606 1578 1635 vero
1628 1627 1630 1648 ;

143 1651 163 1683 3
190 1640 473 1687 laetissimum
506 1649 580 1687 est.
646 1646 771 1698 Quod
810 1653 1026 1707 superest,
1058 1651 1162 1695 deos
1193 1666 1369 1709 precor,
1405 1654 1457 1696 ut
1488 1652 1579 1697 ani-
1627 1661 1630 1715 ξ

191 1715 310 1744 mum
344 1703 474 1746 istum
508 1706 602 1762 tibi,
634 1709 779 1752 animo
807 1710 881 1753 isti
908 1714 1082 1768 tempus
1110 1728 1242 1770 quam
1266 1713 1577 1772 longissimum

189 1761 396 1806 tribuant.
458 1764 573 1808 Nam
605 1768 744 1823 liquet
776 1770 884 1813 mihi
915 1770 1114 1817 futurum
1146 1776 1197 1817 ut
1227 1778 1425 1831 peracto,
1458 1773 1577 1832 quod

189 1823 386 1878 proxime
419 1827 671 1884 promisisti,
702 1830 879 1875 inchoes
912 1834 1043 1877 aliud.
1106 1834 1262 1880 Nescit
1292 1835 1411 1879 enim
1443 1835 1579 1880 semel
1626 1839 1630 1886 ῑ

189 1882 369 1926 incitata
394 1885 629 1931 liberalitas
656 1893 786 1946 stare,
814 1894 936 1937 cuius
962 1896 1337 1951 pulchritudinem
1356 1911 1462 1941 usus
1481 1897 1577 1954 ipse
1626 1896 1630 1949 ⁴:

189 1945 475 1989 commendat.
539 1948 659 1993 Vale.
1624 1955 1630 1978 ¹

250 2046 410 2134 2721«ss
424 2062 486 2117 p-
511 2053 666 2129 affiju
743 2054 832 2092 XII·
869 2051 1018 2110 [XIII-l
1622 2080 1630 2135 ἦ

408 2134 448 2166 C.
470 2134 668 2169 PLINIUS
696 2138 944 2175 TERENTIO
973 2143 1164 2179 SCAURO
1193 2146 1288 2180 SUO
1316 2145 1355 2180 S·
1601 2137 1630 2200 d

141 2220 159 2252 1
274 2210 552 2257 Recitaturus
595 2217 928 2277 oratiunculam,
974 2238 1105 2279 quam
1146 2227 1372 2282 publicare
1413 2226 1577 2286 cogito,
1623 2204 1630 2270 i

188 2270 397 2315 advocavi
417 2274 600 2332 aliquos,
631 2281 681 2320 ut
699 2294 878 2337 vererer,
911 2298 1088 2342 paucos,
1119 2290 1169 2330 ut
1195 2303 1347 2332 verum
1366 2287 1574 2333 audirem.

286 2394 331 2426 13
358 2391 562 2448 Calpurnio
587 2397 687 2433 solus
712 2399 749 2435 R
780 2400 823 2435 in
848 2402 980 2439 indice.
1150 2410 1196 2442 14
1229 2418 1329 2454 spec.
1355 2409 1396 2445 te
1421 2408 1574 2457 Dpra.

188 2441 234 2475 30
260 2439 439 2477 Terentio
463 2454 510 2479 ex
534 2444 583 2480 R.
683 2450 729 2482 32
754 2459 944 2486 revererer
970 2453 1028 2497 M,
1055 2454 1106 2490 K.
1128 2457 1148 2490 I
1171 2459 1215 2492 ut
1239 2457 1307 2493 IV
1321 2459 1381 2503 12,
1407 2460 1442 2494 6.
