1630 2678
46 796 83 824 1⁰

506 111 865 149 EPISTULARUM
890 111 926 147 11
953 115 1011 157 19,
1037 114 1096 147 20.
1442 111 1500 156 57

102 227 291 272 sulutem
321 225 404 270 filii
435 226 683 283 peierasset.
746 223 871 269 Facit
901 223 987 268 1100
1013 222 1211 282 Regulus
1242 237 1334 266 non
1359 222 1506 265 minus
1532 235 1555 269 6

103 288 314 334 scelerate
344 302 477 344 quam
515 287 788 343 frequenter,
832 285 952 342 quod
995 285 1105 328 iram
1150 284 1349 340 deorum,
1395 298 1506 340 (11108

103 349 200 408 ipse
240 348 402 393 cotidie
433 348 568 404 fallit,
606 348 653 391 in
690 349 824 404 caput
861 346 1050 390 infelicis
1089 346 1216 403 pueri
1253 345 1505 389 detestatur.

183 409 381 455 Velleius
406 409 612 465 Blaesus,
643 409 718 452 ille
742 409 941 465 locuples
974 407 1237 463 consularis,
1266 406 1508 450 novissima
1535 419 1554 451 7

103 471 356 517 valetudine
400 470 758 515 conflictabatur:
809 469 1015 526 cupiebat
1058 471 1229 512 mutare
1273 470 1507 511 testamen·

103 536 214 578 tum.
276 532 493 591 Regulus,
526 532 603 589 qui
634 534 830 589 speraret
867 530 1035 586 aliquid
1074 545 1128 573 ex
1165 529 1293 573 novis
1331 529 1508 584 tabulis,

105 595 211 653 quia
239 609 382 651 nuper
412 596 588 650 captare
621 608 721 636 eum
748 595 970 649 coeperat,
1003 591 1195 635 medicos
1221 590 1408 646 hortari,
1440 604 1508 633 ro·

105 670 227 716 gare,
253 669 433 712 quoquo
459 654 590 698 modo
617 654 821 711 spiritum
846 653 1019 696 homini
1043 654 1344 710 prorogarent.
1384 651 1509 694 Post·
1534 663 1557 696 8

106 732 239 776 quam
290 717 513 775 signatum
570 718 637 758 est
692 717 1023 768 testamentum,
1078 717 1221 757 mutat
1262 727 1509 770 personam,

106 778 242 823 vertit
272 777 594 822 adlocutionem
634 776 860 832 isdemque
900 775 1098 819 medicis:
1139 774 1398 830 ‘Quousque
1430 773 1509 817 mi-

106 854 254 884 serum
285 838 520 883 cruciatis?
553 838 659 895 quid
690 838 896 881 invidetis
937 837 1052 880 bona
1090 836 1264 892 mortis,
1302 836 1373 880 cui
1407 835 1508 878 dare

106 901 245 945 vitam
288 914 379 944 non
422 898 659 957 potestis‘?'
722 898 911 942 Moritur
951 897 1135 941 Blaesus
1178 900 1240 953 et,
1281 900 1508 953 tamquam

108 962 258 1007 omnia
275 961 480 1017 audisset,
507 959 680 1018 Regulo
706 976 761 1003 ne
783 960 1006 1003 tantulum
1033 959 1222 1016 quidem.
1269 957 1509 1002 Sufficiunt
1536 969 1557 1002 9

108 1023 220 1068 duae
256 1022 451 1079 fabulae,
482 1038 539 1066 an
572 1021 836 1066 scholastica
867 1021 966 1078 lege
998 1021 1174 1064 tertiam
1206 1019 1385 1076 poscis?
1425 1022 1509 1074 est,

106 1084 224 1129 unde
254 1084 344 1128 fiat,

186 1144 385 1200 Aurelia,
403 1139 565 1188 'ornata
589 1144 766 1199 femina,
786 1144 1013 1202 signatura
1031 1145 1343 1186 testamentum
1364 1156 1511 1197 sump·
1539 1153 1585 1186 10

107 1209 225 1251 serat
260 1205 579 1264 pulcherrimas
616 1205 800 1249 tunicas.
863 1203 1061 1264 Regulus
1100 1219 1201 1248 cum
1234 1203 1426 1246 venisset
1457 1201 1510 1245 ad

107 1267 393 1327 signandum,
423 1266 598 1325 ‘Rogo'
629 1267 791 1323 inquit,
825 1266 924 1310 ‘has
963 1265 1073 1309 mihi
1114 1264 1267 1323 leges'.
1331 1263 1512 1307 Aurelia
1539 1277 1584 1308 11

106 1329 259 1374 ludere
288 1329 514 1373 hominem
546 1328 750 1386 putabat,
782 1328 857 1372 ille
889 1327 1002 1371 serio
1030 1327 1240 1382 instabat3
1271 1341 1327 1368 ne
1359 1325 1511 1380 multa,

109 1391 257 1449 coegit
286 1390 514 1434 mulierem
548 1390 716 1447 aperire
754 1389 927 1432 tabulas
967 1403 1017 1431 ac
1057 1388 1140 1431 sibi
1172 1387 1365 1442 tunicas,
1403 1400 1511 1443 quas

109 1455 204 1496 erat
246 1451 418 1506 induta,
462 1451 628 1509 legare3
679 1450 930 1494 observavit
974 1449 1257 1503 scribentem,
1307 1447 1512 1503 inspexit,

108 1528 167 1558 an
207 1513 467 1570 scripsisset.
527 1512 587 1556 Et
627 1511 808 1555 Aurelia
852 1510 1029 1567 quidem
1074 1510 1203 1566 vivit,
1247 1509 1321 1552 ille
1363 1511 1513 1551 tamen

108 1574 228 1619 istud
258 1579 484 1631 tamquam
517 1573 775 1617 morituram
818 1572 973 1630 coegit.
1036 1571 1096 1614 Et
1132 1571 1206 1614 hic
1236 1570 1512 1626 hereditates,

108 1635 184 1680 hic
214 1636 379 1694 legata,
411 1635 538 1692 quasi
571 1637 805 1689 mereatur,
837 1633 1009 1689 accipit.

190 1695 323 1741 Ἀλλᾶ
360 1697 407 1740 τί
436 1696 717 1750 διατείνομαι
749 1695 791 1737 111
827 1710 878 1738 ea
903 1694 1097 1750 civitate,
1119 1693 1164 1736 in
1197 1708 1284 1749 qua
1310 1692 1398 1736 iam
1426 1692 1512 1749 pri·
1541 1705 1585 1738 12

113 1757 211 1802 dem
243 1772 335 1802 non
371 1758 544 1801 minora
582 1756 796 1813 praemia,
840 1756 976 1799 immo
1021 1755 1189 1798 maiora
1227 1754 1425 1810 nequitia
1470 1755 1514 1796 et

110 1818 373 1876 improbitas
406 1833 538 1874 quam
571 1817 715 1874 pudor
746 1820 790 1860 et
823 1816 961 1860 virtus
992 1815 1185 1859 habent?
1236 1814 1397 1872 Aspice
1431 1814 1509 1857 Re-
1540 1827 1586 1860 13

112 1879 285 1938 gulum,
324 1879 402 1936 (1111
434 1894 488 1922 ex
526 1893 718 1935 paupere
756 1880 800 1921 et
837 1877 959 1921 tenui
1001 1877 1055 1920 ad
1099 1879 1244 1920 tantas
1287 1891 1392 1933 opes
1435 1890 1514 1932 per

112 1939 283 1999 flagitia
314 1939 548 1997 processit,
579 1942 630 1983 ut
656 1939 750 1996 ipse
782 1939 890 1982 mihi
917 1938 1096 1994 dixerit,
1122 1953 1222 1982 cum
1250 1937 1513 1992 consuleret,

113 2015 245 2058 quam
293 2001 381 2044 cito
414 2000 662 2044 sestertium
695 2000 929 2044 sescenties
969 2000 1231 2056 impleturus
1277 2001 1410 2053 esset,
1451 1998 1513 2040 in-

111 2062 284 2107 venisse
316 2076 363 2106 se
389 2065 490 2105 exta
515 2061 755 2119 duplicata,
782 2061 942 2118 quibus
968 2060 1172 2118 portendi
1199 2059 1341 2103 milies
1368 2062 1413 2102 et
1438 2058 1514 2101 du·
1590 2090 1594 2098 .

214 2198 232 2230 1
253 2194 485 2240 perierasset
501 2194 551 2230 K.
565 2194 623 2238 11,
644 2193 931 2240 perierierasset
953 2194 1003 2230 M
1018 2193 1057 2237 V,
1080 2193 1292 2239 peierasset
1312 2191 1511 2236 ΠΕΡι-α,

115 2242 167 2280 Κ.
181 2243 217 2288 1,
245 2242 416 2290 perieras
443 2243 509 2278 sed
537 2242 589 2278 D.
692 2246 734 2279 11
756 2242 858 2278 bona
879 2242 1014 2277 mortis
1035 2242 1072 2279 R
1086 2242 1125 2278 F
1149 2241 1214 2285 (cs.
1230 2251 1368 2286 paraq.
1389 2242 1449 2283 32,
1468 2243 1514 2283 2;

114 2294 176 2336 36,
190 2294 245 2337 4),
266 2290 369 2328 bona
387 2294 510 2328 morte
533 2292 582 2328 M
596 2291 637 2335 V,
655 2291 719 2336 K„
742 2291 889 2334 Muell„
912 2290 1052 2327 bonam
1073 2292 1234 2326 mortem
1251 2289 1291 2325 D
1296 2300 1326 2334 p
1338 2300 1408 2333 ra,
1429 2289 1514 2325 vide

114 2340 276 2385 admo,
303 2343 370 2385 12;
396 2342 515 2382 1110,
530 2340 776 2384 2;1118,2;
804 2341 883 2376 Vll
900 2342 1021 2383 28,2;
1041 2339 1105 2375 IX
1128 2342 1184 2378 13.
1200 2342 1394 2384 5;pane9.
1416 2340 1514 2381 86,2

116 2388 182 2434 (ef.
206 2389 364 2437 Quintil.
385 2389 452 2426 IX
469 2392 505 2434 3,
531 2393 579 2434 1).
689 2392 733 2425 12
761 2389 969 2425 moriturus
997 2387 1153 2423 Blaesus
1180 2389 1380 2432 tamquam
1408 2386 1457 2422 Μ
1474 2387 1511 2421 Γ.

118 2439 163 2478 81
190 2436 393 2485 duplicata
419 2438 541 2485 RFp
552 2450 594 2482 a,
627 2438 728 2482 Otto,
756 2436 928 2484 duplicia
956 2437 1181 2480 MVDr3‚
1213 2436 1308 2483 only.
