1716 2742
249 146 342 191 370
863 141 902 179 C.
930 141 1067 179 PLINI

249 259 448 318 publica,
474 273 568 302 non
595 259 794 315 senatus,
821 272 914 301 non
941 257 1200 302 consulatus
1228 256 1345 315 ipse,
1371 256 1450 315 qui
1477 257 1563 302 sibi
1588 256 1679 302 tuis

173 320 234 369 58
248 322 412 367 umeris
447 321 596 365 attolli
629 323 674 365 et
706 335 943 379 augescere
976 319 1184 364 videtur?
1228 318 1336 364 Non
1367 322 1412 364 te
1446 320 1502 364 ad
1534 335 1679 365 exem-

248 386 348 443 plar
380 384 473 429 eius
507 399 640 441 voco,
674 383 751 442 qui
785 382 1011 428 continuis
1046 381 1352 427 consulatibus
1385 383 1553 428 fecerat
1583 384 1680 428 lon-

249 463 356 507 gum
385 447 607 505 quendam
636 449 681 491 et
707 446 803 491 sine
831 446 1088 491 discrimine
1116 460 1302 490 annum:
1328 445 1383 490 iis
1409 448 1455 491 te
1483 445 1678 503 confero,

249 525 361 568 quos
396 512 567 555 certum
608 512 695 567 est,
734 509 941 567 quotiens
975 509 1182 554 consules
1221 508 1423 567 fuerunt,
1460 524 1554 553 non
1593 508 1716 553 sibit

248 573 537 632 praestitisse.
589 572 701 616 Erat
727 573 775 616 in
801 575 960 617 senatu
985 574 1054 617 ter
1080 572 1256 630 consul,
1290 586 1391 616 cum
1419 574 1470 616 tu
1496 571 1679 616 tertium

199 649 220 682 2
249 637 533 682 consulatum
565 636 812 680 recusabas,
867 633 1115 680 Onerosum
1148 635 1301 680 nescio
1330 635 1438 693 quid
1471 650 1681 680 verecun-

249 700 347 744 diae
374 702 478 744 tuae
506 713 749 744 consensus
770 701 924 743 noster
944 698 1185 755 indixerat,
1211 700 1264 742 ut
1283 698 1493 756 princeps
1513 697 1680 742 totiens

249 763 407 808 consul
450 777 567 808 esses
613 762 821 820 quotiens
872 764 1052 806 senator
1093 764 1220 806 tuus:
1272 761 1413 805 nimia
1460 761 1682 807 modestia

198 837 220 871 3
247 825 367 871 istud
394 825 530 870 etiam
557 825 759 883 privatus
787 839 1050 870 recusasses.
1115 824 1190 868 An
1216 824 1464 869 consularis
1491 823 1578 868 viri
1602 823 1680 868 tri·
1707 840 1716 866 1

247 888 564 946 umphalisque
584 888 725 946 filius,
761 903 862 932 cum
883 888 1017 932 tertio
1041 888 1198 932 consul
1219 889 1416 945 creatur,
1450 886 1681 932 ascendit?

246 968 340 997 non
380 951 580 996 debitum
617 951 706 996 hoc
747 951 833 1009 illi,
876 966 969 995 non
1011 951 1083 995 vel
1125 951 1221 995 sola
1260 950 1435 1010 generis
1479 950 1681 995 claritate

247 1014 574 1074 promeritum?
634 1013 837 1074 Contigit
889 1029 996 1074 ergo
1049 1013 1236 1072 privatis
1290 1012 1461 1070 aperire
1513 1029 1681 1058 annum

247 1078 478 1136 fastosque
520 1092 737 1135 reserare,
779 1080 823 1122 et
865 1077 952 1122 hoc
996 1091 1174 1135 quoque
1217 1075 1416 1121 redditae
1457 1076 1680 1121 libertatis

248 1141 465 1186 indicium
485 1141 593 1196 fuit,
623 1140 744 1199 quod
772 1141 931 1186 consul
954 1140 1068 1185 alius
1091 1155 1226 1198 quam
1248 1137 1412 1184 Caesar
1431 1141 1558 1185 esset.
1606 1137 1681 1184 Sic
1708 1155 1716 1181 1

249 1205 416 1250 exactis
456 1204 639 1263 regibus
687 1203 836 1262 coepit
874 1204 991 1248 liber
1029 1219 1191 1261 annus,
1237 1202 1302 1247 sic
1342 1202 1451 1247 olim
1490 1202 1681 1247 servitus

198 1281 221 1314 4
248 1269 380 1327 pulsa
399 1267 576 1326 privata
596 1267 724 1312 fastis
751 1267 938 1311 nomina
958 1266 1146 1311 induxit.
1200 1265 1387 1311 Miseros
1410 1265 1680 1324 ambitionis,

249 1331 327 1389 qui
368 1331 432 1375 ita
474 1331 680 1375 consules
728 1345 904 1388 semper
945 1332 997 1374 ut
1046 1345 1221 1388 semper
1262 1328 1489 1387 principes
1535 1329 1681 1373 erant!

249 1393 531 1452 Quamquam
561 1395 776 1441 nontam
811 1393 998 1437 ambitio
1032 1408 1167 1451 quam
1198 1392 1317 1437 livor
1347 1394 1392 1437 et
1420 1391 1680 1452 malignitas

248 1457 390 1502 videri
415 1459 567 1515 potest
599 1471 752 1501 omnes
788 1471 928 1501 annos
962 1455 1190 1514 possidere
1217 1470 1533 1513 summumque
1566 1454 1680 1499 illud
1706 1468 1716 1496 i

248 1536 473 1579 purpurae
507 1520 640 1565 decus
673 1535 767 1564 non
804 1519 893 1563 nisi
926 1521 1238 1578 praecerptum
1271 1518 1681 1576 praefloratumque

199 1598 221 1631 5
248 1583 562 1629 transmittere.
607 1582 749 1627 Tuam
769 1598 875 1627 vero
897 1581 1316 1642 magnanimitatem
1336 1597 1394 1626 an
1413 1581 1680 1626 modestiam

250 1663 308 1692 an
339 1646 666 1706 benignitatem
700 1646 823 1704 prius
859 1645 1023 1690 mirer?
1066 1644 1454 1705 Magnanimitatis
1487 1644 1576 1688 fuit
1608 1659 1681 1689 ex-

249 1710 393 1769 petito
428 1725 604 1768 semper
635 1710 806 1753 honore
841 1709 1083 1766 abstinere,
1116 1707 1361 1752 modestiae
1396 1707 1570 1766 cedere,
1609 1706 1681 1752 be-

249 1773 485 1833 nignitatis
518 1788 599 1830 per
632 1772 743 1817 alios
777 1771 878 1816 frui.
1708 1783 1716 1811 ε

174 1836 235 1885 59
345 1835 433 1881 Sed
459 1836 549 1880 iam
575 1838 755 1894 tempus
783 1837 850 1880 est
875 1837 920 1879 te
947 1835 1036 1893 ipsi
1070 1833 1326 1879 consulatui
1351 1835 1596 1892 praestare,
1630 1835 1682 1878 ut

250 1900 466 1944 maiorem
519 1914 620 1943 eum
670 1898 955 1956 suscipiendo
1009 1897 1294 1957 gerendoque
1345 1896 1497 1942 facias.
1560 1895 1680 1941 Nam

251 1963 427 2020 saepius
461 1977 666 2007 recusare
699 1961 959 2021 ambiguam
992 1976 1044 2006 ac
1076 1959 1226 2018 potius
1260 1959 1386 2004 illam
1418 1959 1681 2017 interpreta-

250 2026 421 2071 tionem
461 2025 618 2081 habet,
661 2027 893 2083 tamquam
934 2024 1153 2068 minorem
1187 2025 1329 2081 putes.
1395 2022 1465 2067 Tu
1499 2022 1680 2081 quidem

251 2092 302 2133 ut
328 2089 575 2133 maximum
602 2087 840 2146 recusasti3
873 2088 951 2132 sed
983 2087 1071 2131 hoc
1096 2086 1362 2145 persuadere
1397 2085 1567 2130 nemini
1602 2101 1679 2144 po·
1707 2098 1716 2126 ε

202 2166 222 2199 2
251 2153 379 2210 teris,
417 2151 505 2196 nisi
545 2151 787 2209 aliquando
829 2153 873 2195 et
911 2166 1004 2195 non
1034 2148 1320 2194 recusaveris.
1388 2147 1500 2193 Cum
1540 2164 1681 2206 arcus,

252 2230 354 2260 cum
380 2217 582 2272 tropaea,
617 2229 718 2258 cum
746 2216 916 2258 statuas
945 2213 1217 2271 deprecaris,
1250 2211 1487 2256 tribuenda
1516 2214 1584 2256 est
1610 2227 1681 2256 ve-

251 2277 489 2323 recundiae
500 2282 604 2322 tuae
625 2277 773 2336 venia3
806 2277 885 2321 illa
905 2276 1023 2321 enim
1046 2291 1150 2321 sane
1170 2275 1256 2320 tibi
1277 2274 1495 2320 dicantur.
1545 2273 1681 2319 Nunc

253 2356 358 2386 vero
391 2341 694 2399 postulamus,
731 2342 783 2384 ut
819 2340 996 2384 futuros
1030 2339 1255 2398 principes
1296 2338 1455 2383 doceas
1494 2337 1681 2382 inertiae

355 2493 400 2526 19
427 2490 511 2526 tam
539 2489 641 2527 amb.
665 2499 785 2536 quam
807 2489 916 2526 Keili
941 2488 1020 2525 eod.
1044 2487 1219 2533 Mediol„
1239 2486 1396 2532 Baelvr„
1423 2485 1576 2532 Muell„
1602 2496 1681 2523 non

256 2540 358 2576 amb.
379 2539 506 2587 magis
534 2542 617 2588 (om.
640 2539 766 2587 magis
795 2540 848 2577 M
856 2539 908 2576 M
914 2537 979 2583 Ὀ)
1009 2549 1127 2584 quam
1155 2540 1236 2575 cett.
1259 2536 1380 2582 codd„
1407 2535 1460 2572 K.
