1630 2678
170 143 257 187 144
792 134 831 173 C.
857 133 992 171 Pmm

167 255 291 309 nent,
332 251 405 295 sed
437 249 759 307 pertinuerunt,
802 262 902 291 cum
944 247 1209 302 moreretur,
1246 244 1470 302 pertinent
1507 243 1563 287 ad

168 315 267 370 hos,
309 313 383 369 qui
421 313 673 368 supersunt3
714 310 801 352 iam
835 307 954 365 quod
994 307 1042 350 in
1085 306 1194 351 flore
1230 305 1375 364 primo
1413 307 1563 350 tantae

169 374 328 418 indolis
368 372 536 416 iuvenis
575 371 794 415 extinctus
836 372 902 413 est
941 383 1114 412 summa
1154 369 1484 423 consecuturus,
1525 365 1564 410 si

122 448 142 479 5
169 436 350 479 virtutes
383 434 474 477 eius
508 432 833 476 maturuissent.
897 429 994 482 Quo
1027 429 1102 473 ille
1134 428 1382 473 studiorum
1415 441 1563 472 amore

169 495 399 554 flagrabat!
433 496 647 550 quantum
673 493 795 551 legit,
820 494 1035 549 quantum
1062 491 1197 534 etiam
1221 489 1417 547 scripsit!
1450 503 1562 546 quae
1594 499 1612 528 ⁶

169 571 284 601 nunc
316 556 464 599 omnia
495 569 595 599 cum
619 554 717 611 ipso
751 554 844 598 sine
869 553 1018 597 fructu
1043 550 1316 609 posteritatis
1349 550 1562 595 abierunt.

123 631 143 663 6
171 617 254 661 Sed
288 617 393 673 quid
425 631 507 674 ego
540 615 748 673 indulgeo
782 614 955 658 dolori?
998 614 1070 658 cui
1102 613 1140 657 si
1170 612 1320 657 frenos
1351 611 1566 668 remittas,

169 679 290 721 nulla
315 678 499 721 materia
523 692 614 720 non
640 676 830 720 maxima
855 678 931 719 est.
968 674 1125 718 Finem
1151 673 1367 730 epistulae
1391 672 1566 729 faciam,

169 743 218 783 ut
260 739 402 783 facere
446 738 613 795 possim
658 738 790 782 etiam
833 737 1046 792 lacrimis,
1104 749 1213 793 quas
1259 734 1450 792 epistula
1493 748 1565 779 ex-

169 801 336 857 pressit.
400 799 521 844 Vale.
1578 805 1614 834 ιο

426 1070 474 1120 c.
509 1071 688 1119 PLINI
727 1070 983 1119 CAECILI
1023 1067 1309 1118 SECUNDI

379 1193 435 1258 E
479 1193 534 1258 P
575 1193 610 1258 I
650 1191 693 1258 S
736 1193 790 1258 Τ
825 1192 890 1258 U
924 1192 979 1257 L
1007 1191 1075 1257 A
1106 1190 1172 1258 R
1205 1189 1271 1258 U
1303 1188 1382 1256 M

639 1337 819 1381 LIBER
852 1335 1093 1381 SEXTUS.

852 1537 884 1576 Ι.

545 1623 799 1659 C.PLINIUS
826 1623 1000 1657 TIRONI
1026 1622 1121 1657 SUO
1150 1622 1188 1656 S.
1582 1629 1617 1659 ιδ

127 1715 145 1747 1
258 1701 398 1753 Quam
431 1703 506 1746 diu
538 1718 618 1761 ego
651 1706 773 1747 trans
806 1703 995 1760 Padum,
1031 1706 1082 1747 tu
1120 1703 1167 1746 in
1198 1702 1382 1757 Piceno,
1422 1700 1567 1745 minus

174 1765 217 1806 te
260 1763 550 1819 requirebam3
591 1768 826 1821 postquam
871 1780 953 1823 ego
996 1765 1043 1808 in
1080 1764 1205 1821 urbe,
1243 1766 1295 1808 tu
1336 1763 1480 1808 adhuc
1521 1762 1569 1806 in

175 1822 354 1879 Piceno,
397 1825 536 1868 multo
576 1826 734 1883 magis,
776 1841 852 1870 seu
885 1826 1003 1883 quod
1041 1826 1138 1882 ipsa
1168 1826 1286 1880 loca,
1325 1825 1374 1868 in
1406 1823 1568 1882 quibus

175 1899 268 1927 esse
294 1899 381 1927 una
407 1886 615 1942 solemus,
647 1888 788 1930 acrius
815 1903 883 1931 me
909 1888 975 1930 tui
1001 1889 1308 1943 commonent,
1339 1901 1417 1930 seu
1449 1884 1568 1942 quod

175 1945 436 1988 desiderium
468 1947 712 1990 absentium
750 1948 862 1991 nihil
900 1948 1079 2005 perinde
1118 1963 1168 1992 ac
1200 1947 1404 1992 vicinitas
1436 1946 1568 2003 acuit,
1594 1962 1630 1991 πο

177 2020 350 2062 quoque
381 2008 563 2063 propius
596 2009 827 2052 accesseris
860 2010 914 2052 ad
947 2025 1071 2066 spem
1095 2009 1289 2064 fruendi,
1319 2009 1406 2052 hoc
1430 2007 1569 2064 impa-

128 2077 149 2109 2
176 2067 354 2110 tientius
398 2082 555 2111 careas.
632 2068 854 2126 Quidquid
899 2070 945 2113 in
990 2085 1139 2128 causa,
1184 2071 1304 2127 eripe
1347 2084 1418 2113 me
1463 2068 1569 2112 huic

177 2129 414 2171 tormento:
451 2129 571 2185 veni,
602 2133 678 2172 aut
710 2145 791 2188 ego
824 2132 948 2187 illuc,
986 2133 1102 2175 unde
1133 2131 1382 2176 inconsulte
1412 2144 1568 2187 prope-

177 2189 288 2243 ravi,
318 2192 509 2232 revertar
534 2191 606 2233 vel
631 2191 686 2233 ob
718 2192 804 2235 hoc
830 2193 994 2249 solum,
1024 2196 1075 2236 ut
1107 2192 1324 2250 experiar,
1355 2205 1414 2235 an
1443 2190 1570 2247 mihi,

176 2262 275 2351 imm
308 2250 399 2352 sigge
431 2250 699 2355 meVljJOmae
732 2255 925 2309 coeperis
953 2269 1070 2309 esse,
1104 2254 1269 2298 similes
1301 2252 1372 2296 his
1405 2252 1568 2309 epistu-
1593 2267 1630 2296 25

194 2323 241 2351 as
273 2324 333 2351 mi
375 2325 433 2354 as,
582 2327 615 2355 e.

275 2456 296 2488 9
323 2463 424 2499 expr.
453 2454 563 2500 epist.
591 2456 630 2492 D
636 2468 666 2502 p
677 2469 707 2493 r.
808 2462 853 2493 22
881 2459 1012 2504 capias
1039 2460 1092 2505 D,
1119 2459 1253 2506 cupias
1274 2470 1344 2506 pr.
