1716 2742
218 114 309 159 226
827 109 867 146 O.
896 108 1033 145 PLINI

217 230 378 272 natura
411 227 737 282 comparatum,
777 226 829 267 ut
867 223 1177 280 proximorum
1216 223 1432 268 incuriosi
1469 224 1647 283 longin-

219 306 307 348 qua
341 291 577 343 sectemur,
612 302 689 330 seu
718 286 837 343 quod
866 285 1068 329 omnium
1095 301 1243 329 rerum
1273 286 1437 344 cupido
1463 287 1646 346 langue-

219 354 321 409 scit,
354 366 454 395 cum
489 349 633 393 facilis
662 349 855 405 occasio,
890 364 967 392 seu
996 347 1115 404 quod
1143 348 1388 394 differimus
1415 351 1647 407 tamquam

218 430 348 472 saepe
375 413 532 469 visuri,
567 411 687 469 quod
715 412 846 457 datur
871 410 1040 467 videre,
1075 411 1283 468 quotiens
1314 412 1424 456 velis
1456 426 1645 456 cernere.

219 477 507 532 Quacumque
546 474 600 517 de
640 489 774 518 causa
813 473 1036 530 permulta
1076 473 1123 516 in
1162 474 1270 517 urbe
1309 477 1464 519 nostra
1502 475 1645 518 iuxta-

1672 487 1690 514 5

218 555 303 596 que
336 539 491 582 urbem
534 552 625 580 non
659 536 802 581 oculis
843 535 976 580 modo
988 570 1000 592 ,
1044 536 1118 580 sed
1160 552 1215 579 ne
1249 536 1431 581 auribus
1465 536 1646 594 quidem
1698 541 1712 551 ⁴

217 601 443 657 novimus,
472 615 584 657 quae
614 600 651 643 si
671 599 849 643 tulisset
869 597 1059 655 Achaia,
1087 597 1345 657 Aegyptus,
1371 598 1485 643 Asia
1503 599 1646 643 aliave

218 664 442 722 quaelibet
487 662 806 706 miraculorum
856 661 982 705 ferax
1027 661 1471 719 commendatrixque
1515 664 1648 718 terra,

217 727 385 783 audita,
419 726 635 783 perlecta,
665 725 856 768 lustrata
888 724 1164 768 haberemus.
1205 722 1306 781 Ipse
1341 726 1458 768 certe
1491 740 1647 782 nuper,

217 790 336 846 quod
375 804 458 832 nec
497 787 724 831 audieram
765 789 867 830 ante
906 802 989 830 nec
1028 786 1245 840 videram,
1289 787 1441 830 audivi
1479 787 1647 844 pariter

217 854 260 896 et
292 851 397 895 vidi.
461 850 686 908 Exegerat
718 865 929 907 prosocer
961 865 1107 906 meus,
1141 852 1193 892 ut
1219 848 1434 894 Amerina
1465 850 1647 907 praedia

217 931 296 959 sua
341 913 619 971 inspicerem.
685 912 808 956 Haec
851 912 1183 970 perambulanti
1241 912 1354 955 mihi
1396 912 1648 956 ostenditur

217 977 451 1021 subiacens
495 976 619 1020 lacus
672 975 854 1019 nomine
901 974 1188 1031 Vadimonis;
1248 973 1383 1019 simul
1429 975 1647 1032 quaedam

215 1039 497 1084 incredibilia
529 1040 778 1082 narrantur.
844 1037 1035 1081 Perveni
1074 1036 1128 1080 ad
1169 1037 1329 1094 ipsum.
1395 1036 1540 1082 Lacus
1580 1039 1647 1081 est

216 1102 262 1146 in
296 1101 635 1146 similitudinem
668 1101 852 1144 iacentis
885 1102 1009 1143 rotae
1044 1100 1410 1157 circumscriptus
1443 1102 1489 1144 et
1520 1099 1646 1143 undi—

217 1181 302 1222 que
348 1164 566 1222 aequalis:
617 1164 769 1207 nullus
816 1164 964 1218 sinus,
1016 1162 1260 1219 obliquitas
1309 1163 1452 1219 nulla,
1497 1163 1648 1206 omnia

216 1228 434 1284 dimensa,
469 1226 595 1284 paria
622 1229 666 1270 et
693 1226 821 1283 quasi
849 1225 1033 1269 artificis
1062 1241 1198 1268 manu
1226 1227 1383 1269 cavata
1415 1228 1460 1269 et
1487 1222 1646 1270 excisa.

217 1289 351 1335 Color
384 1289 562 1334 caerulo
597 1289 808 1345 albidior,
849 1287 1058 1346 viridi[or
1090 1287 1152 1345 et]
1191 1288 1405 1345 pressior,
1449 1288 1646 1345 sulpuris

217 1353 328 1397 odor
366 1367 590 1410 saporque
629 1351 896 1408 medicatus,
935 1351 1024 1407 vis,
1070 1366 1159 1408 qua
1198 1350 1341 1394 fracta
1383 1350 1644 1394 solidantur.

217 1414 423 1473 Spatium
450 1414 698 1471 modicum,
730 1413 850 1471 quod
878 1416 1029 1457 tamen
1057 1413 1222 1457 sentiat
1246 1415 1404 1457 ventos
1432 1415 1477 1457 et
1502 1413 1646 1458 flucti—

216 1479 300 1523 bus
334 1478 614 1522 intumescat.
672 1475 813 1520 Nulla
845 1476 892 1519 in
925 1477 1011 1520 hoc
1044 1476 1171 1519 navis
1207 1473 1351 1535 (sacer
1383 1473 1539 1534 enim),
1571 1476 1647 1520 sed

217 1542 422 1585 innatant
463 1540 635 1584 insulae
677 1539 887 1583 herbidae
928 1554 1082 1583 omnes
1124 1538 1374 1582 harundine
1418 1541 1462 1582 et
1500 1538 1647 1595 iunco,

218 1619 419 1661 quaeque
463 1603 550 1646 alia
592 1601 826 1646 fecundior
864 1602 994 1658 palus
1037 1601 1225 1658 ipsaque
1268 1600 1347 1644 illa
1389 1601 1647 1645 extremitas

215 1667 340 1710 lacus
362 1666 500 1710 effert.
554 1663 644 1709 Sua
664 1665 825 1721 cuique
846 1664 992 1723 figura
1013 1679 1063 1708 ac
1084 1663 1263 1721 modus3
1297 1663 1469 1708 cunctis
1491 1678 1647 1722 margo

218 1729 419 1786 derasus,
462 1727 568 1785 quia
606 1727 864 1784 frequenter
902 1727 973 1770 vel
1012 1727 1136 1770 litori
1169 1726 1242 1770 vel
1276 1726 1361 1770 sibi
1387 1725 1550 1774 inlisae
1583 1728 1641 1770 te-

216 1794 323 1835 runt
355 1794 661 1848 terunturque.
727 1789 814 1833 Par
854 1790 1062 1833 omnibus
1104 1787 1316 1846 altitudo,
1355 1804 1439 1846 par
1469 1788 1648 1846 levitas3

218 1854 385 1912 quippe
428 1853 476 1896 in
518 1853 711 1910 speciem
755 1852 930 1897 carinae
969 1851 1132 1895 humili
1170 1851 1319 1895 radice
1360 1851 1645 1896 descendunt.

217 1915 341 1961 Haec
380 1916 435 1960 ab
477 1916 600 1960 omni
637 1916 775 1959 latere
815 1914 1084 1972 perspicitur
1123 1914 1288 1971 eadem,
1331 1929 1449 1971 aqua
1481 1914 1649 1972 pariter

219 1995 434 2036 suspensa
467 1981 510 2022 et
543 1993 697 2022 mersa.
764 1976 995 2021 Interdum
1034 1977 1212 2021 iunctae
1247 1977 1571 2034 copulataeque
1605 1978 1648 2020 et

219 2041 467 2086 continenti
500 2040 668 2086 similes
703 2043 823 2097 sunt,
857 2039 1082 2084 interdum
1110 2039 1468 2084 discordantibus
1502 2039 1646 2083 ventis

219 2104 498 2163 digeruntur,
563 2118 653 2147 non
718 2118 965 2160 numquam
1024 2102 1262 2147 destitutae
1320 2101 1646 2159 tranquillitate

322 2255 367 2288 18
394 2252 557 2288 viridior
577 2250 616 2287 et
636 2250 805 2298 pressior
826 2250 1053 2297 (preciosior
1072 2253 1106 2290 r)
1130 2251 1182 2287 M
1187 2262 1219 2295 r,
1241 2261 1310 2287 om.
1332 2248 1444 2286 virid.
1466 2261 1502 2294 a,
1529 2249 1647 2285 viridi

219 2302 389 2348 pressior
415 2301 435 2338 ,9
462 2303 514 2338 K.
535 2303 589 2339 ΙΙ
617 2302 732 2347 (disp.
755 2302 808 2337 II
823 2303 901 2347 19),
935 2301 959 2349 7ι
986 2301 1076 2337 add.
1099 2301 1249 2345 Muell„
1281 2312 1314 2336 v.
1342 2299 1497 2336 edition.
1525 2311 1647 2336 meam

220 2364 255 2388 a.
278 2354 388 2395 1904,
416 2353 468 2388 ΙΙ
485 2364 525 2398 p.
546 2356 607 2390 80.
742 2354 788 2386 22
816 2350 1006 2387 herbidae
1030 2380 1036 2386 .
1060 2380 1068 2387 .
1092 2381 1098 2387 .
1121 2350 1237 2387 iunco
1266 2350 1319 2387 M
1324 2362 1357 2395 r,
1382 2349 1490 2386 herb.
1517 2349 1647 2386 tectae

219 2401 300 2437 har,
325 2403 363 2437 et
383 2402 484 2438 iunc.
507 2411 541 2447 ς,
561 2400 668 2438 herb.
692 2413 793 2437 omn.
810 2401 892 2437 har.
908 2403 948 2437 et
968 2401 1071 2437 iuno.
1086 2402 1217 2437 tectae
1235 2412 1272 2445 a,
1292 2412 1324 2436 v.
1342 2399 1394 2435 K.
1410 2399 1506 2446 disp,
1523 2400 1578 2436 II
1584 2402 1645 2436 21).

221 2455 268 2487 24
281 2462 327 2487 ac
341 2452 459 2495 KH,
470 2453 516 2487 ut
527 2464 562 2497 a,
577 2453 627 2488 K.
637 2453 671 2495 Ι,
685 2452 820 2496 BIerr„
832 2452 879 2496 cf.
894 2452 946 2487 acl
962 2451 1089 2495 V116,
1100 2454 1136 2495 2,
1151 2450 1214 2486 vel
1228 2451 1345 2494 Μνς,
1361 2458 1453 2485 suus
1473 2448 1493 2486 ?
1509 2449 1646 2486 Muell.

221 2504 268 2538 28
297 2501 434 2538 eadem
462 2513 564 2547 aqua
591 2515 627 2547 a,
656 2502 806 2547 Muelb,
834 2501 1050 2547 eademque
1078 2501 1138 2545 M,
1167 2500 1233 2545 K,
1259 2500 1377 2536 Merr.

1673 800 1711 826 10

1674 1112 1710 1140 15

1674 1426 1711 1453 20

1673 1738 1710 1767 25

1674 2052 1712 2079 30
