1716 2742
32 805 69 833 10

27 1119 64 1148 15

23 1748 60 1777 25

536 106 896 145 PANEGYRICUS
925 111 958 153 1,
974 118 991 145 6
1003 131 1053 136 —
1067 111 1100 143 4.
1433 107 1525 153 323

97 225 322 284 peculiare
354 223 488 269 huius
529 227 574 268 et
606 223 838 282 proprium
880 223 1137 282 arrogantia
1169 222 1371 280 priorum
1404 221 1525 279 prin-

97 288 249 347 cipum
299 287 419 332 fecit.
484 286 728 331 Enimvero
782 302 918 344 quam
970 301 1227 343 commune,
1283 300 1417 343 quam
1471 299 1526 328 ex
1552 297 1575 331 8

96 365 260 410 aequo,
291 350 413 408 quod
445 350 599 395 felices
631 364 735 406 nos,
766 349 943 394 felicem
972 350 1100 394 iHum
1125 347 1433 407 praedicamus
1464 347 1525 391 al-

95 412 324 472 ternisque
362 412 480 458 votis
523 412 667 457 ‘Haec
706 412 861 471 faciat,
899 413 1011 457 haec
1050 411 1224 456 audiat'
1266 411 1394 469 quasi
1431 425 1526 455 non

95 476 279 534 dicturi,
308 475 398 521 nisi
423 475 598 533 fecerit,
631 476 985 533 comprecamur!
1039 473 1110 518 Ad
1138 489 1248 532 quas
1282 475 1359 518 ille
1391 488 1524 518 voces

92 539 290 585 lacrimis
324 538 459 584 etiam
492 553 545 583 ac
577 539 720 583 multo
753 538 925 596 pudore
958 537 1243 582 suffunditur.
1302 535 1526 596 Agnoscit

94 601 214 648 enim
247 601 472 660 sentitque
506 600 611 659 sibi,
644 616 737 645 non
770 600 965 659 principi
998 601 1098 645 dici.

185 663 351 725 Igitur,
383 664 504 723 quod
536 666 939 722 temperamentum
974 679 1126 708 omnes
1167 664 1214 707 in
1252 663 1332 707 illo
1373 662 1523 707 subito
1550 659 1580 708 3

91 727 274 787 pietatis
312 728 460 773 calore
506 742 754 782 servamus,
792 727 880 771 hoc
912 727 1079 786 singuli
1120 741 1299 784 quoque
1342 724 1525 770 medita-

92 791 219 850 tique
243 793 476 836 teneamus
504 790 785 848 sciamusque
811 790 988 834 nullum
1015 804 1110 834 esse
1136 804 1280 847 neque
1309 788 1523 834 sincerius

90 869 236 913 neque
269 853 496 912 acceptius
529 868 671 913 genus
705 853 971 913 gratiarum,
1006 868 1141 910 quam
1182 868 1271 910 quo
1312 852 1413 896 illas
1454 867 1523 896 ac-

91 916 383 963 clamationes
410 917 704 975 aemulemur,
732 931 847 974 quae
873 916 1073 974 fingendi
1099 930 1191 959 non
1217 915 1384 959 habent
1413 916 1522 959 tem-

90 994 188 1039 pus.
253 979 482 1033 Quantum
515 979 570 1024 ad
598 995 668 1024 me
694 979 908 1037 pertinet,
934 979 1167 1035 laborabo,
1195 980 1246 1022 ut
1272 978 1523 1022 orationem
1550 988 1570 1022 2

89 1058 235 1088 meam
276 1042 333 1088 ad
371 1042 638 1087 modestiam
678 1042 896 1100 principis
938 1041 1379 1099 moderationemque
1422 1041 1522 1085 sub-

91 1105 286 1161 mittam,
318 1121 401 1150 nec
440 1105 587 1150 minus
627 1105 938 1161 considerabo,
978 1104 1086 1162 quid
1125 1120 1252 1149 aures
1293 1103 1387 1148 eius
1426 1104 1523 1162 pati

87 1168 282 1228 possint,
317 1183 451 1226 quam
485 1168 593 1226 quid
626 1168 868 1213 virtutibus
897 1167 1123 1212 debeatur.
1187 1167 1354 1227 Magna
1381 1169 1426 1211 et
1454 1167 1526 1211 111-’
1548 1179 1570 1212 3

88 1232 256 1276 usitata
294 1231 512 1290 principis
553 1231 716 1291 gloria,
756 1231 828 1276 6111
869 1231 1037 1290 gratias
1078 1233 1257 1275 acturus
1297 1245 1389 1274 non
1427 1232 1521 1274 tam

87 1309 263 1352 vereor,
320 1310 377 1339 ne
428 1310 499 1339 me
551 1295 598 1338 111
648 1294 859 1338 laudibus
914 1294 1005 1339 suis
1058 1309 1242 1351 parcum
1278 1309 1412 1351 quam
1463 1308 1521 1338 ne

87 1357 279 1402 nimium
320 1359 460 1416 putet.
539 1356 663 1401 Haec
696 1373 767 1401 me
814 1372 938 1413 cura,
980 1357 1091 1401 haec
1135 1356 1378 1401 difficultas
1423 1356 1520 1400 sola
1546 1369 1567 1401 4

89 1420 368 1478 circumstat3
398 1436 504 1464 nam
531 1420 719 1464 merenti
747 1420 913 1479 gratias
941 1436 1071 1479 agere
1098 1419 1230 1464 facile
1257 1421 1344 1476 est,
1370 1420 1520 1477 patres

88 1483 346 1542 conscripti.
409 1482 516 1528 Non
550 1483 669 1527 enim
703 1484 952 1541 periculum
987 1486 1071 1539 est,
1110 1498 1186 1539 ne,
1225 1497 1327 1526 cum
1359 1482 1521 1540 loquar

88 1546 142 1591 de
173 1546 469 1604 humanitate,
503 1546 764 1604 exprobrari
798 1546 884 1590 sibi
918 1545 1172 1604 superbiam
1213 1544 1383 1602 credat,
1416 1560 1518 1589 cum

87 1609 142 1654 de
172 1609 452 1669 frugalitate,
484 1609 728 1666 luxuriam,
763 1624 864 1654 cum
899 1609 952 1653 de
993 1608 1249 1663 clementia,
1283 1607 1519 1653 crudelita-

85 1674 197 1731 tem,
224 1687 327 1717 cum
354 1672 408 1716 de
433 1672 720 1729 liberalitate,
748 1672 1002 1728 avaritiam,
1028 1687 1130 1716 cum
1155 1672 1208 1715 de
1229 1671 1520 1730 benignitate,

85 1735 294 1793 livorem,
329 1750 433 1781 cum
458 1735 512 1779 de
539 1735 835 1792 continentia,
860 1734 1111 1792 libidinem,
1140 1750 1242 1779 cum
1270 1734 1323 1778 de
1352 1734 1518 1790 labore,

85 1797 314 1856 inertiam,
346 1813 448 1843 cum
485 1797 539 1842 de
581 1798 864 1854 fortitudine,
907 1798 1128 1842 timorem.
1195 1797 1262 1842 Ac
1304 1812 1360 1841 ne
1403 1797 1516 1841 sslud
1545 1809 1566 1841 5

86 1861 267 1919 quidem
299 1876 473 1917 vereor,
499 1876 555 1904 ne
582 1863 736 1919 gratus
764 1860 1022 1919 ingratusve
1049 1860 1220 1916 videar,
1246 1862 1382 1918 prout
1409 1860 1516 1904 satis

85 1926 164 1968 aut
213 1939 374 1982 parum
427 1923 591 1968 dixero.
677 1922 999 1967 Animadverto
1052 1923 1167 1967 enim
1224 1923 1358 1967 etiam
1410 1923 1516 1967 deos

85 1987 208 2045 ipsos
254 2002 348 2031 non
392 1989 486 2030 tam
531 1986 752 2031 accuratis
796 1986 1080 2030 adorantium
1127 1986 1336 2044 precibus
1380 2001 1515 2043 quam

84 2048 342 2094 innocentia
369 2051 414 2094 et
440 2049 676 2094 sanctitate
702 2049 879 2107 laetari,
905 2049 1236 2108 gratioremque
1258 2048 1517 2107 existimari,

85 2112 164 2170 qui
203 2111 400 2156 delubris
441 2127 595 2156 eorum
634 2128 793 2170 puram
840 2115 1099 2170 castamque
1141 2114 1336 2160 mentem
1380 2127 1514 2170 quam

85 2176 162 2233 qui
208 2175 471 2220 meditatum
519 2190 699 2219 carmen
743 2175 957 2219 intulerit.
1024 2174 1112 2220 Sed
1154 2174 1402 2233 parendum
1448 2177 1516 2219 est
1541 2171 1570 2220 4

84 2241 264 2283 senatus
299 2239 526 2295 consulto,
561 2253 650 2296 quo
685 2254 740 2282 ex
778 2238 974 2282 utilitate
1014 2238 1196 2296 publica
1234 2237 1424 2295 placuit,
1463 2241 1516 2282 ut

83 2301 282 2346 consulis
330 2315 439 2345 voce
485 2300 568 2344 sub
611 2301 744 2345 titulo
791 2302 1039 2360 gratiarum
1085 2301 1358 2360 agendarum
1404 2300 1514 2345 boni

183 2402 205 2436 3
226 2410 316 2437 eum
336 2400 559 2446 Bornecque
575 2411 614 2446 p.
635 2402 728 2436 225.
745 2414 747 2416 ·
815 2403 834 2435 7
858 2399 1057 2446 sentitque
1077 2411 1148 2437 om.
1174 2399 1205 2437 O
1221 2400 1278 2438 W.
1365 2404 1408 2436 11
1434 2412 1510 2446 quo

82 2449 238 2496 Baehr„
264 2449 370 2497 quod
397 2449 501 2487 codd.
627 2453 671 2486 12
701 2450 921 2486 aemuletur
950 2450 1076 2497 Ousp„
1103 2450 1203 2496 ‘sort
1230 2450 1344 2487 recte'
1373 2451 1508 2487 Muell.

83 2503 129 2536 21
156 2499 349 2546 periclum
376 2500 598 2547 Bornecque
622 2512 660 2547 p.
682 2503 769 2537 212‘.

1209 2575 1282 2611 21*
