1630 2678
125 126 182 170 33
707 117 745 154 C.
773 114 905 152 PLINI

126 235 242 279 Nam
274 234 394 278 lacus
427 232 605 289 piscem,
638 229 749 273 feras
783 228 935 282 silvae,
968 225 1126 282 quibus
1156 223 1278 267 lacus
1304 220 1511 281 cingitur,

80 310 101 343 2
128 295 271 340 studia
301 294 537 337 altissimus
570 292 651 334 iste
684 302 877 333 secessus
903 286 1084 330 adfatim
1110 284 1366 343 suggerunt.
1409 281 1512 340 Sed,

128 357 219 400 sive
250 356 395 399 omnia
426 353 555 397 simul
580 352 670 394 sive
695 349 861 406 aliquid
886 348 1011 403 facis,
1042 361 1133 390 non
1157 359 1339 403 possum
1365 344 1511 389 dicere

128 416 351 472 ‘invideo’3
392 429 528 472 angor
567 416 713 456 tamen
754 426 844 454 non
881 413 926 453 et
963 408 1071 451 mihi
1109 407 1260 462 licere,
1297 420 1410 463 quae
1447 406 1511 450 sic

129 477 386 533 concupisco
436 479 486 518 ut
528 474 647 532 aegri
696 472 845 515 vinum
853 505 866 527 ,
916 470 1105 525 balinea,
1155 467 1312 512 fontes.
1373 462 1512 512 Num-

130 552 313 594 quamne
362 537 441 579 hos
486 535 726 578 artissimos
770 534 967 589 laqueos,
1019 531 1056 574 si
1101 530 1270 574 solvere
1311 531 1511 588 negatur,

81 613 103 645 a
129 597 410 655 abrumpam?
441 596 711 651 Numquam,
742 596 863 651 puto.
918 592 1034 636 Nam
1066 589 1288 634 veteribus
1319 589 1512 648 negotiis

128 675 240 703 nova
288 660 554 713 accrescunt,
601 670 682 699 nec
725 658 873 698 tamen
915 653 1063 711 priora
1105 653 1395 710 peraguntur:
1443 653 1514 694 tot

129 720 326 775 nexibus,
358 722 425 762 tot
457 718 582 775 quasi
613 716 777 760 catenis
809 715 948 758 maius
980 715 1027 757 in
1052 714 1143 757 dies
1171 712 1512 770 occupationum

129 796 283 839 agmen
314 779 571 823 extenditur.
634 777 754 820 Vale.

778 890 846 928 IX.

433 966 476 999 C.
496 966 693 999 PLINIUS
720 963 1021 998 APOLLINARI
1048 963 1141 997 SUO
1168 963 1206 997 S.

85 1050 102 1081 1
227 1033 418 1077 Anxium
445 1050 513 1077 me
540 1036 583 1077 et
615 1034 858 1090 inquietum
883 1031 1015 1075 habet
1046 1031 1202 1088 petitio
1229 1029 1354 1075 Sexti
1377 1029 1514 1074 Eruci

131 1095 225 1138 mei.
288 1095 483 1138 Adficior
523 1110 626 1138 cura
667 1097 727 1150 et,
769 1108 898 1150 quam
938 1107 1017 1149 pro
1059 1107 1130 1136 me
1170 1091 1513 1136 sollicitudinem

130 1171 218 1199 non
249 1156 354 1212 adii,
385 1156 509 1212 quasi
539 1171 619 1212 pro
653 1170 721 1198 me
753 1155 889 1197 altero
922 1154 1082 1210 patior-3
1115 1156 1159 1197 et
1189 1152 1359 1210 alioqui
1389 1166 1513 1196 meus

131 1217 288 1272 pudor,
321 1232 417 1259 mea
447 1216 730 1271 existimatio,
761 1231 856 1258 mea
887 1214 1077 1272 dignitas
1109 1215 1156 1258 in
1187 1214 1423 1258 discrimen
1442 1213 1515 1258 ad·

85 1291 106 1323 2
132 1277 313 1320 ducitur.
376 1277 472 1335 Ego
513 1276 645 1320 Sexto
682 1278 822 1320 latum
864 1277 1035 1320 clavum
1077 1291 1102 1319 a
1134 1275 1316 1320 Caesare
1345 1277 1516 1331 nostro,

132 1353 212 1395 ego
245 1346 518 1394 quaesturam
559 1338 806 1394 impetravi,
847 1352 943 1380 meo
982 1338 1190 1395 suffragio
1228 1337 1430 1394 pervenit
1459 1336 1515 1380 ad

133 1398 199 1441 ius
230 1399 498 1441 tribunatum
530 1399 725 1455 petendi,
766 1413 895 1454 quem
935 1398 1020 1441 nisi
1061 1399 1231 1442 obtinet
1268 1399 1316 1442 in
1347 1400 1514 1454 senatu,

86 1472 107 1505 3
134 1474 299 1514 vereor,
335 1475 388 1502 ne
426 1459 643 1515 decepisse
682 1458 908 1503 Caesarem
945 1460 1102 1502 videar.
1166 1458 1356 1503 Proinde
1393 1459 1515 1503 adni-

134 1518 310 1562 tendum
343 1523 407 1562 est
439 1520 563 1575 mihi,
599 1524 650 1564 ut
679 1521 811 1564 talem
844 1536 942 1563 eum
974 1521 1168 1564 iudicent
1199 1535 1372 1577 omnes,
1410 1535 1515 1578 qua-

134 1580 219 1622 lem
251 1595 342 1622 esse
374 1581 573 1637 princeps
594 1581 702 1624 mihi
727 1581 920 1625 credidit.
959 1581 1078 1633 Quae
1098 1597 1230 1625 causa
1254 1582 1293 1626 si
1317 1580 1514 1626 studium

135 1655 278 1683 meum
311 1655 399 1682 non
431 1642 646 1696 incitaret,
678 1642 874 1685 adiutum
902 1645 1048 1686 tamen
1074 1658 1278 1700 cuperem
1310 1643 1515 1686 iuvenem

135 1699 462 1756 probissimum,
495 1702 819 1759 gravissimum,
850 1703 1209 1761 eruditissimum,
1243 1704 1365 1748 omni
1397 1703 1516 1747 deni-

135 1775 219 1816 que
262 1761 387 1804 laude
432 1762 733 1819 dignissimum
777 1767 820 1806 et
870 1764 1044 1820 quidem
1088 1779 1188 1808 cum
1232 1767 1327 1809 tota
1370 1764 1514 1808 domo.

86 1836 109 1868 4
134 1821 249 1864 Nam
291 1824 414 1878 pater
445 1822 485 1865 ei
521 1823 703 1866 Erucius
743 1823 912 1880 Clarus,
953 1826 1020 1867 vir
1057 1829 1251 1883 sanctus,
1292 1825 1514 1883 antiquus,

135 1882 322 1925 disertus
343 1885 473 1938 atque
494 1883 539 1925 in
558 1885 735 1941 agendis
756 1886 895 1928 causis
917 1887 1188 1944 exercitatus,
1215 1902 1323 1944 quas
1343 1902 1517 1932 summa

135 1943 241 1998 fide,
284 1943 379 1999 pari
424 1945 667 1987 constantia
707 1961 786 1988 nec
818 1947 1078 1990 verecundia
1109 1949 1276 1992 minore
1308 1947 1515 1992 defendit.

135 2002 282 2046 Habet
306 2005 569 2047 avunculum
597 2004 640 2047 C.
668 2005 924 2062 Septicium,
958 2022 1044 2063 quo
1070 2009 1182 2052 nihil
1212 2009 1378 2067 verius,
1401 2007 1517 2052 nihil

85 2078 108 2110 5
133 2063 396 2119 simplicius,
427 2065 540 2107 nihil
571 2066 813 2122 candidius,
843 2067 954 2110 nihil
979 2068 1148 2113 fidelius
1179 2070 1296 2114 novi.
1353 2069 1515 2115 Omnes

134 2139 203 2167 me
234 2125 432 2168 certatim
465 2128 508 2168 et
538 2129 684 2169 tamen
715 2128 952 2183 aequaliter
977 2133 1136 2186 amant,
1169 2131 1373 2175 omnibus
1398 2145 1517 2175 nunc

134 2199 216 2243 ego
257 2185 303 2228 in
344 2201 431 2228 uno
472 2187 632 2229 referre
674 2189 857 2244 gratiam
905 2204 1094 2245 possum.
1157 2191 1311 2248 Itaque
1354 2206 1515 2250 prenso

133 2245 314 2302 amicos,
347 2247 564 2303 supplico,
597 2248 760 2304 ambio,
785 2250 936 2292 domos
963 2252 1258 2309 stationesque
1284 2253 1518 2309 circumeo,

134 2309 434 2363 quantumque
460 2308 530 2350 vel
549 2309 806 2352 auctoritate
833 2311 902 2353 vel
928 2313 1068 2368 gratia
1098 2314 1281 2370 valeam,
1311 2313 1515 2371 precibus

230 2431 251 2463 3
278 2427 398 2464 facias
424 2428 580 2474 Fpsa.

1538 785 1574 813 1⁰

1540 1170 1575 1198 15

1540 1779 1577 1807 25
