1716 2742
25 801 63 829 1⁰

26 1115 62 1143 15

27 1741 63 1769 25

0 2039 64 2082 'so

535 106 898 144 EPISTULARUM
923 106 977 143 ix
1005 111 1064 143 13.
1431 111 1520 154 :241

86 225 221 280 teque
246 236 536 281 progressum
564 222 769 279 corripit,
795 224 989 278 revocat,
1009 225 1189 279 monet,
1217 225 1269 266 ut
1297 222 1523 278 desistam,

86 285 226 330 adicit
257 284 411 329 etiam:
445 283 725 329 ‘Notabilem
759 288 804 328 te
836 284 1002 329 futuris
1035 285 1315 343 principibus
1341 284 1522 329 fecisti’.

89 346 248 392 ‘Esto'
272 348 474 405 inquam,
500 347 630 391 ‘dum
650 347 811 391 malis.'
851 346 943 391 Vix
968 347 1045 391 ille
1070 348 1348 405 discesserat,
1366 363 1522 392 rursus

88 410 220 455 alter:
264 408 405 463 ‘Quid
436 410 604 454 audes?
638 425 728 467 quo
762 409 886 454 ruis?
921 410 1085 466 quibus
1118 413 1163 454 te
1190 410 1400 468 periculis
1429 411 1524 454 obi-

89 472 186 518 cis?
249 472 357 531 quid
406 472 719 530 praesentibus
766 472 956 517 confidis
997 473 1194 517 incertus
1235 473 1524 517 futurorum?

85 535 270 580 lacessis
302 535 535 580 hominem
567 536 656 579 iam
689 535 969 593 praefectum
1003 536 1162 579 aerarii
1189 539 1233 579 et
1266 536 1392 580 brevi
1418 551 1525 580 con-

87 598 252 655 sulem,
284 600 515 656 praeterea
547 614 638 656 qua
670 597 835 657 gratia,
868 598 1033 655 quibus
1068 598 1279 643 amicitiis
1316 598 1525 643 fultum?

85 659 306 706 Nominat
338 661 580 718 quendam,
614 661 694 718 qui
724 663 835 705 tunc
866 661 923 704 ad
950 660 1168 705 orientem
1195 661 1526 718 amplissimum

86 725 134 768 et
151 723 505 768 famosissimum
526 723 772 768 exercitum
785 739 879 767 non
899 724 995 767 sine
1011 725 1186 782 magnis
1202 724 1439 782 dubiisque
1454 740 1526 768 ru-

88 786 291 831 moribus
324 786 569 830 obtinebat.
635 785 708 830 Ad
739 786 851 830 haec
883 801 987 844 ego:
1031 784 1242 830 ‘Omnia
1274 787 1526 844 praecepi

88 852 250 907 atque
282 849 458 893 animo
492 864 686 893 mecum
721 852 847 893 ante
873 850 1058 908 peregi
1083 865 1167 893 nec
1193 863 1368 906 recuso,
1397 849 1435 893 si
1462 851 1527 893 ita

87 926 219 956 casus
232 912 449 969 attulerit,
457 912 581 956 luere
591 927 760 969 poenas
772 912 830 956 ob
841 912 1211 956 honestissimum
1221 912 1405 969 factum,
1418 912 1526 956 dum

87 974 495 1033 flagitiosissimum
521 974 744 1019 ulciscor?
801 972 898 1018 Iam
926 975 1137 1019 censendi
1163 978 1355 1032 tempus.
1401 974 1526 1019 Dicit

88 1036 318 1081 Domitius
345 1036 638 1095 Apollinaris,
666 1038 826 1081 consul
853 1037 1127 1096 designatus,
1156 1037 1266 1081 dicit
1292 1036 1526 1081 Fabricius

88 1098 296 1157 Veiento,
334 1099 501 1144 Fabius
541 1099 816 1156 Postumius,
857 1099 1039 1144 Vettius
1079 1100 1314 1157 Proculus,
1352 1101 1528 1159 collega

87 1161 268 1208 Publici
313 1161 454 1218 Certi,
499 1163 553 1207 de
597 1177 687 1220 quo
731 1163 966 1221 agebatur,
1008 1163 1162 1207 uxoris
1204 1179 1346 1220 meae,
1391 1178 1527 1221 quam

87 1225 345 1283 amiseram,
376 1225 582 1283 vitricus,
616 1228 721 1284 post
753 1226 836 1270 hos
869 1225 1078 1269 Ammius
1111 1225 1312 1270 Flaccus.
1360 1224 1526 1270 Omnes

90 1286 273 1332 Certum
298 1288 501 1332 nondum
529 1305 554 1332 a
581 1303 652 1332 me
678 1289 963 1332 nominatum
990 1292 1041 1332 ut
1067 1289 1351 1332 nominatum
1379 1288 1528 1332 defen-

89 1350 204 1395 dunt
248 1351 508 1408 crimenque
556 1352 685 1408 quasi
730 1351 778 1395 in
823 1351 971 1395 medio
1014 1352 1223 1395 relictum
1268 1351 1528 1395 defensione

89 1413 355 1471 suscipiunt.
422 1413 546 1466 Quae
585 1417 815 1471 praeterea
855 1414 1068 1470 dixerint,
1107 1429 1201 1458 non
1240 1417 1308 1458 est
1346 1429 1528 1458 necesse

88 1491 289 1520 narrare:
334 1477 383 1520 in
427 1477 555 1521 libris
601 1477 757 1533 habes3
804 1491 904 1520 sum
950 1477 1070 1520 enim
1117 1479 1279 1521 cuncta
1324 1477 1526 1534 ipsorum

88 1538 237 1583 verbis
270 1542 543 1596 persecutus.
589 1538 760 1584 Dicunt
790 1543 947 1584 contra
973 1538 1164 1582 Avidius
1192 1539 1396 1596 Quietus,
1422 1538 1527 1583 Cor-

88 1603 225 1646 nutus
266 1601 514 1646 Tertullus:
554 1601 762 1659 Quietus,
796 1602 1131 1660 iniquissimum
1175 1617 1271 1646 esse
1305 1603 1527 1660 querellas

89 1664 339 1709 dolentium
398 1664 595 1722 excludi,
653 1665 844 1722 ideoque
897 1663 1054 1708 Arriae
1107 1667 1152 1708 et
1203 1664 1401 1709 Fanniae
1456 1666 1526 1708 ius

90 1727 306 1784 querendi
337 1743 430 1771 non
463 1727 777 1784 auferendum,
808 1742 892 1771 nec
924 1727 1164 1785 interesse,
1194 1727 1322 1771 cuius
1356 1728 1527 1772 ordinis

91 1790 193 1847 quis
227 1790 303 1847 sit,
337 1791 415 1834 sed
442 1806 578 1848 quam
606 1805 786 1834 causam
812 1789 996 1846 habeat3
1024 1789 1271 1847 Cornutus,
1298 1791 1453 1834 datum
1482 1806 1527 1834 se

90 1868 117 1896 a
158 1852 420 1897 consulibus
464 1856 661 1897 tutorem
704 1851 887 1896 Helvidi
926 1853 1047 1896 filiae
1086 1853 1346 1910 petentibus
1386 1856 1528 1897 matre

90 1915 185 1959 eius
232 1917 277 1959 et
317 1915 498 1973 vitrico;
540 1931 661 1959 nunc
705 1930 884 1973 quoque
926 1930 1019 1959 non
1062 1917 1283 1960 sustinere
1326 1916 1527 1959 deserere

91 1977 232 2022 officii
265 1978 335 2022 sui
373 1981 544 2035 partes,
577 1978 625 2021 in
659 1992 748 2035 quo
783 1981 934 2022 tamen
967 1982 1012 2022 et
1045 1993 1127 2022 suo
1162 1979 1309 2023 dolori
1342 1978 1527 2022 modum

90 2040 321 2098 imponere
348 2044 393 2084 et
420 2041 692 2098 optimarum
726 2040 996 2085 feminarum
1028 2041 1226 2099 perferre
1254 2041 1528 2085 modestissi-

90 2118 214 2147 mum
247 2103 491 2160 adfectum3
526 2119 636 2160 quas
664 2106 898 2147 contentas
926 2120 1021 2148 esse
1049 2104 1289 2148 admonere
1323 2106 1527 2148 senatum

192 2243 214 2275 2
249 2239 371 2275 etiam
405 2243 486 2275 not.
514 2250 577 2275 me
611 2239 684 2276 fut.
716 2240 841 2286 princ.
875 2243 960 2286 (om.
989 2240 1133 2286 fecisti)
1171 2241 1231 2283 M,
1260 2241 1370 2285 1111,
1404 2240 1527 2277 filet-r.

92 2292 114 2325 9
149 2290 189 2325 et
222 2289 314 2326 fam.
349 2289 438 2326 add.
475 2301 513 2334 a,
549 2290 601 2325 K.
623 2291 683 2334 II,
722 2290 874 2335 Muell„
912 2291 1049 2335 Mer-r.‚
1092 2302 1162 2327 om.
1200 2290 1252 2326 M
1260 2290 1381 2337 Dpr,
1423 2291 1476 2328 K.
1492 2292 1527 2326 I.

94 2341 141 2375 10
164 2339 270 2387 Very.
293 2340 391 2376 Aen.
412 2340 470 2376 VI
488 2342 574 2377 105.
596 2361 643 2365 ——
664 2340 825 2386 percepi
844 2341 968 2377 Dea.
1059 2346 1103 2377 11
1127 2341 1220 2376 ante
1240 2351 1311 2377 om.
1332 2352 1365 2385 r,
1388 2341 1528 2377 Muell.

94 2392 140 2426 15
167 2389 393 2426 Postumius
422 2389 732 2436 (Posthuminus)
766 2390 807 2427 D
814 2402 929 2437 pra,
966 2391 1064 2435 Otto,
1103 2391 1256 2435 Muell„
1288 2390 1528 2426 Maximinus

93 2440 155 2485 M,
183 2439 251 2485 K„
278 2440 398 2476 Merr.
506 2444 551 2476 16
578 2440 710 2476 uxoris
737 2452 847 2477 meae
877 2442 929 2478 M
935 2453 968 2486 r,
996 2441 1061 2486 K,
1092 2442 1227 2486 Merr„
1254 2453 1291 2476 u.
1315 2443 1447 2478 autem
1476 2453 1526 2477 m.

92 2489 259 2536 Dps‘a,
288 2489 388 2535 Otto,
416 2490 553 2527 Muell.

170 2567 314 2593 Pnnuus
334 2567 455 2593 mizon
476 2571 533 2593 En.
549 2567 715 2594 Ktxum.
1256 2571 1302 2602 15

1553 362 1595 393 11

1555 800 1600 832 12

1556 987 1622 1032 13,

1556 1427 1603 1459 14

1557 1552 1603 1585 15

1557 1804 1602 1836 16
