1630 2678
0 0 399 80 ww
434 0 439 4 -

0 100 30 153 bs

11 1266 73 1323 [ιο

465 137 822 178 EPISTULARUM
847 137 900 175 IV
927 136 1059 174 ao—V
1087 140 1120 173 1.
1402 137 1487 182 117

89 254 274 312 senten,
302 267 406 299 cum
434 254 643 311 repletur,
674 254 872 295 moratur
903 253 947 294 et
978 227 1254 308 strangulat?
1285 245 1490 292 Scrutare
1517 259 1561 293 11

91 320 143 362 tu
177 330 332 362 causes
369 313 517 374 (potes
549 311 704 372 enim),
743 327 854 370 quae
892 314 1064 355 tantum
1098 311 1359 354 miraculum
1398 309 1490 353 effi-

92 377 236 424 n‘nt:
259 375 373 422 mihi
397 375 570 420 abunde
596 377 682 429 est,
713 374 751 417 si
777 373 883 417 satis
909 372 1123 430 expressi,
1149 371 1268 428 quod
1287 371 1491 415 efficitur.

91 437 216 485 Vale.

340 646 391 698 C.
431 645 612 696 PLINI
653 644 911 694 CAECILI
951 642 1237 692 SECUNDI

231 742 242 757 '
303 763 1282 836 EPISTULARUM

547 897 1038 951 LIBERQUINTUS.

782 1086 814 1126 1.
875 1053 1068 1113 ant-nata
1103 1053 1400 1108 ffismhaitz-l,

363 1174 406 1209 C.
427 1173 630 1208 PLINIUS
656 1173 812 1207 ANNIO
840 1172 1034 1207 SEVERO
1064 1171 1159 1205 SUO
1188 1171 1226 1204 S.

176 1254 394 1315 Legatum
438 1254 550 1298 mihi
595 1253 775 1298 obvenit
819 1252 1064 1308 modicum,
1106 1251 1181 1295 sed
1223 1251 1496 1308 amplissimo
1524 1261 1543 1293 1

97 1316 278 1378 gratius.
354 1315 442 1361 Cur
485 1315 760 1373 amplissimo
799 1313 998 1373 gratius?
1072 1312 1320 1369 Pomponia
1372 1310 1499 1356 Galla

0 1351 3 1452 ἰ
96 1376 360 1424 exheredato
390 1377 487 1421 filio
512 1376 682 1420 Asudio
704 1374 895 1419 Curiano
920 1374 1125 1418 heredem
1151 1374 1390 1430 reliquerat
1414 1388 1497 1430 me,

97 1439 278 1485 dederat
307 1438 542 1484 coheredes
574 1436 820 1482 Sertorium
854 1435 1086 1491 Severum,
1126 1434 1397 1491 praetorium
1435 1434 1498 1478 vi-

15 1542 17 1546 1
96 1515 209 1558 rum,
240 1499 439 1558 aliosque
464 1498 717 1557 splendidos
759 1498 928 1554 equites
971 1496 1208 1540 Romanos.
1278 1494 1493 1539 Curianus
1523 1505 1545 1538 2

26 1578 73 1607 -u
98 1561 267 1617 orabat,
297 1563 349 1605 ut
373 1560 457 1605 sibi
489 1549 698 1604 donarem
738 1559 989 1615 portionem
1029 1572 1169 1600 meam
1209 1571 1343 1614 seque
1374 1572 1498 1614 prae-

98 1622 262 1668 iudicio
307 1622 522 1678 iuvarem,
580 1621 762 1665 eandem
810 1619 946 1663 tacita
994 1617 1285 1662 conventione
1330 1619 1497 1661 salvam

98 1683 211 1728 mihi
241 1682 544 1741 pollicebatur.
609 1680 944 1738 Respondebam
978 1694 1069 1723 non
1101 1679 1335 1723 convenire
1367 1679 1498 1723 mori·
1525 1688 1546 1721 3

98 1745 182 1791 bus
213 1744 323 1789 meis
355 1744 476 1789 aliud
507 1743 677 1801 palam,
710 1742 830 1785 aliud
872 1756 1002 1799 agere
1043 1743 1231 1797 secreto,
1272 1743 1499 1797 praeterea

98 1820 191 1851 non
221 1819 317 1850 esse
349 1805 455 1850 satis
486 1803 723 1848 honestum
756 1802 918 1846 donare
951 1805 995 1846 et
1030 1802 1245 1859 locupleti
1290 1805 1335 1845 et
1375 1801 1498 1854 orbo,

100 1866 149 1911 in
179 1880 352 1911 summa
370 1880 461 1910 non
480 1865 763 1922 profuturum
784 1863 844 1920 ei,
871 1863 908 1907 si
934 1862 1184 1919 donassem,
1203 1862 1500 1920 profuturum,

101 1928 139 1972 si
170 1927 417 1981 cessissem,
449 1941 543 1970 esse
574 1928 721 1969 autem
753 1940 822 1968 me
855 1927 1057 1982 paratum
1090 1924 1261 1980 cedere,
1287 1924 1323 1967 si
1350 1923 1499 1980 inique

101 1986 411 2033 exheredatum
453 1987 562 2030 mihi
603 1986 800 2043 liqueret.
864 1985 935 2029 Ad
975 1986 1061 2029 hoc
1096 1986 1190 2028 ine:
1234 1984 1386 2042 ‘Rogo
1430 1998 1498 2028 co-
1525 1993 1547 2026 4

101 2048 316 2109 gnoscas?
379 2047 619 2092 Cunctatus
648 2048 829 2105 paulum
860 2046 1079 2091 ‘Faciam’
1109 2046 1307 2103 inquam3
1338 2045 1499 2101 ‘neque

101 2110 219 2156 enim
251 2109 397 2165 vide0‚
430 2124 508 2154 cur
539 2108 634 2166 ipse
666 2123 735 2152 me
774 2108 989 2152 minorem
1030 2110 1201 2165 putem,
1243 2121 1374 2163 quam
1418 2105 1499 2149 tibi

0 2187 18 2217 ι,
40 2185 77 2215 8⁸
102 2171 264 2216 videor.
327 2169 413 2215 Sed
447 2170 533 2213 iam
564 2184 683 2214 nunc
715 2172 936 2214 memento
967 2183 1058 2213 non
1099 2168 1346 2212 defuturam
1390 2165 1500 2210 mihi

0 2219 4 2270 f

102 2232 416 2287 constantiam,
460 2230 497 2274 si
542 2231 604 2275 ita
647 2230 755 2275 fides
799 2230 991 2287 duxerit,
1031 2229 1270 2273 secundum
1315 2230 1498 2271 matrem

101 2296 225 2338 tuam
256 2291 599 2351 pronuntiandi?
662 2290 747 2336 ‘Ut
777 2291 920 2336 voles'
954 2290 1027 2347 ait,
1061 2291 1202 2333 ‘voles
1226 2289 1355 2344 enim,
1382 2288 1498 2346 quod
1527 2298 1548 2331 5

202 2417 222 2450 1
249 2424 290 2450 re
319 2412 421 2450 letur
447 2412 653 2459 RFpra‚
679 2410 868 2458 repletum
898 2411 1089 2454 MVDe.
1117 2410 1213 2457 vuly.
1343 2413 1387 2445 14
1414 2419 1498 2455 equ.

105 2461 212 2499 Rom.
240 2474 284 2510 sp
301 2461 388 2500 end.
415 2461 546 2499 RFa.
