1630 2678
61 246 108 280 29

94 716 112 748 1

130 121 190 166 54
724 112 763 149 e.
784 110 917 148 mm

213 229 403 274 Iustisne
424 228 476 271 de
496 226 637 271 causis
661 226 747 269 iam
766 224 849 268 tibi
868 223 1019 267 videor
1040 221 1243 278 incolere,
1261 219 1523 285 inhabitare,

135 292 316 350 diligere
348 287 594 333 secessum?
626 302 754 343 quem
786 289 836 328 tu
861 285 991 328 nimis
1018 282 1211 327 urbanus
1237 296 1284 326 es
1308 282 1396 326 nisi
1420 296 1523 326 con-

136 352 335 410 cupiscis.
374 350 518 406 Atque
532 349 699 392 utinam
713 346 1012 403 concupiscas!
1033 346 1083 387 ut
1095 346 1164 387 tot
1176 343 1399 400 tantisque
1411 342 1524 387 doti-

135 415 218 458 bus
250 413 427 456 villulae
452 413 623 454 nostrae
650 409 838 452 maxima
870 405 1192 451 commendatio
1225 419 1280 449 ex
1309 406 1389 449 tuo
1422 418 1523 449 con-

136 474 339 519 tubernio
372 472 557 516 accedat.
608 470 729 514 Vale.
1345 524 1347 526 q
1554 485 1572 512 ς,

756 558 908 598 XVIII.

479 635 520 668 C.
542 634 740 667 PLINIUS
768 632 992 666 MAURICO
1021 631 1114 665 SUO
1143 631 1180 664 S.

220 697 334 750 Quid
366 713 392 740 a
422 700 465 741 te
499 696 606 740 mihi
638 694 870 739 iucundius
902 693 1048 751 potuit
1079 692 1270 751 iniungi,
1309 707 1443 750 quam
1474 695 1526 736 ut

140 761 465 816 praeceptorem
502 757 647 800 fratris
685 757 751 799 tui
781 756 929 799 liberis
962 753 1243 810 quaererem?
1304 752 1422 798 Nam
1453 753 1526 798 be-

140 820 296 864 neficio
347 822 424 862 tuo
470 819 515 861 in
560 818 754 862 scholam
798 817 926 860 redeo
972 818 1015 859 et
1059 815 1180 858 illam
1225 814 1525 860 dulcissimam
1551 831 1588 860 io

142 883 327 924 aetatem
355 881 479 936 quasi
505 894 696 922 resumo:
729 878 855 921 sedeo
882 878 995 920 inter
1019 876 1216 932 iuvenes,
1241 879 1294 920 ut
1317 874 1526 933 solebam,

142 945 274 998 atque
306 941 437 985 etiam
471 940 686 997 experior,
726 942 938 995 quantum
969 937 1086 994 apud
1117 938 1218 981 illos
1250 937 1526 982 auctoritatis

143 1018 196 1046 ex
237 1002 392 1046 studiis
422 1001 616 1045 habeam.
679 1000 794 1044 Nam
827 1000 1023 1056 proxime
1055 999 1276 1055 frequenti
1307 998 1551 1043 auditorio-

142 1064 255 1107 inter
293 1078 338 1106 se
376 1077 521 1106 coram
555 1063 704 1105 multis
737 1062 900 1105 ordinis
931 1060 1073 1104 nostri
1104 1061 1219 1104 clare
1250 1060 1528 1104 iocabantur:

143 1125 322 1179 intravi,
353 1124 674 1179 conticuerunt3
706 1123 823 1178 quod
854 1137 943 1165 non
973 1121 1197 1178 referrem,
1226 1121 1314 1165 nisi
1345 1121 1400 1165 ad
1430 1121 1529 1165 illo·
1554 1137 1590 1166 15

143 1200 240 1228 rum
273 1185 412 1242 magis
443 1184 616 1227 laudem
649 1199 779 1240 quam
812 1184 865 1226 ad
898 1198 1037 1226 meam
1071 1183 1330 1240 pertineret,
1359 1196 1412 1227 ac
1440 1181 1530 1226 nisi

145 1261 317 1302 sperare
348 1249 392 1288 te
423 1246 580 1288 vellem
612 1259 740 1301 posse
771 1245 917 1287 fratris
949 1245 1015 1287 tui
1046 1244 1162 1287 filios
1188 1243 1326 1301 probe
1351 1243 1529 1288 discere.

146 1305 273 1358 Quod
314 1308 528 1363 superest,
570 1320 668 1349 cum
701 1321 867 1360 omnes,
910 1306 984 1362 qui
1016 1305 1298 1361 profitentur,
1338 1304 1531 1361 audiero,

146 1367 251 1423 quid
277 1367 328 1410 de
355 1381 528 1423 quoque
554 1367 755 1423 sentiam,
782 1367 968 1409 scribam
994 1367 1288 1423 efficiamque,
1315 1369 1530 1423 quantum

146 1430 292 1471 tamen
323 1428 510 1484 epistula
542 1428 750 1484 consequi
782 1431 953 1484 potero,
984 1430 1034 1470 ut
1059 1427 1152 1484 ipse
1178 1443 1331 1471 omnes
1356 1427 1531 1472 audisse
1556 1446 1593 1474 so

147 1488 344 1531 videaris.
421 1488 567 1531 Debeo
612 1490 728 1531 enim
773 1488 872 1542 tibi,
923 1488 1057 1531 debeo
1103 1489 1339 1533 memoriae
1382 1488 1531 1532 fratris

146 1549 213 1592 tui
239 1549 351 1592 hanc
377 1549 529 1604 fidem,
553 1549 638 1593 hoc
664 1549 876 1605 studium,
901 1550 1155 1606 praesertim
1181 1565 1312 1607 super
1330 1551 1455 1594 tanta
1472 1565 1531 1594 re.

146 1609 261 1653 Nam
302 1610 407 1666 quid
445 1611 583 1667 magis
621 1610 801 1653 interest
837 1614 998 1666 vestra,
1039 1626 1170 1666 quam
1208 1614 1260 1654 ut
1288 1610 1418 1659 liberi
1449 1609 1533 1670 (di-

148 1685 290 1714 cerem
334 1671 418 1726 tui,
462 1671 547 1713 nisi
590 1686 706 1714 nunc
750 1672 849 1715 illos
888 1672 1027 1730 magis
1066 1670 1253 1730 amares)
1292 1671 1417 1730 digni
1452 1673 1532 1716 fflo

148 1734 288 1788 patre,
321 1733 364 1774 te
389 1734 546 1787 patruo
573 1732 872 1788 reperiantur?
904 1748 1035 1788 quam
1062 1747 1211 1776 curam
1236 1733 1367 1789 mihi,
1399 1733 1531 1777 etiam
1559 1751 1595 1779 25

150 1793 187 1835 si
218 1806 308 1835 non
340 1792 608 1847 mandasses,
639 1793 937 1836 vindicassem.
993 1793 1087 1838 Nec
1112 1794 1268 1852 ignoro
1295 1794 1535 1850 suscipien-

149 1852 225 1896 das
265 1853 450 1895 offensas
490 1853 535 1895 in
573 1853 772 1911 eligendo
812 1857 1110 1911 praeceptore,
1149 1855 1223 1899 sed
1257 1857 1434 1913 oportet
1463 1870 1534 1899 me

149 1928 239 1956 non
271 1914 400 1956 modo
434 1914 619 1957 offensas
628 1947 640 1969 ,
670 1930 819 1958 verum
852 1916 982 1958 etiam
1010 1916 1252 1961 simultates
1278 1931 1360 1974 pro
1386 1916 1534 1960 fratris

148 1975 215 2017 tui
253 1974 356 2017 filiis
394 1977 484 2017 tam
523 1990 661 2030 aequo
700 1976 844 2018 animo
878 1977 1022 2019 subire
1056 1992 1186 2033 quam
1218 1980 1420 2035 parentes
1452 1992 1534 2035 pro

149 2037 251 2080 suis.
313 2035 435 2079 Vale.
1561 2057 1598 2084 so

783 2089 890 2127 XIX.

503 2161 545 2194 C.
567 2163 766 2195 PLINIUS
794 2163 993 2196 CERIALI
1022 2165 1115 2199 SUO
1144 2165 1181 2199 S.

229 2223 450 2279 Hortaris,
494 2227 545 2267 ut
589 2225 829 2267 orationem
885 2226 1036 2269 amicis
1093 2227 1293 2283 pluribus
1343 2227 1536 2272 recitem.

149 2284 344 2340 Faciam,
375 2285 479 2340 quia
503 2285 709 2341 hortaris,
741 2287 938 2341 quamvis
970 2287 1249 2332 vehementer
1273 2288 1537 2333 addubitem.

159 2411 163 2416 .
249 2385 267 2416 1
291 2392 377 2417 eum
392 2392 463 2426 pro
484 2381 560 2416 iam
582 2381 702 2426 RFp
713 2393 747 2416 α.
843 2385 887 2416 14
912 2382 1142 2419 iocabantur
1160 2384 1418 2431 RFDpra,
1437 2384 1489 2420 K.
1503 2383 1539 2428 1,

154 2429 256 2475 Otto,
283 2430 430 2474 Muta,
457 2428 713 2475 loquebantur
741 2430 789 2464 Μ
803 2430 876 2473 Vs,
906 2431 1022 2467 K.11
1043 2432 1158 2478 (disp.
1179 2433 1207 2468 Ι
1229 2435 1305 2478 17).
