1716 2742
391 130 751 182 PANEGYRICUS
779 147 839 187 54,
855 153 871 179 2
887 165 931 169 -
949 145 1009 187 55,
1025 152 1070 179 10.
1357 141 1448 186 367

15 263 199 320 sumpta
229 259 307 318 sit,
350 275 443 304 non
482 260 597 304 alius
639 273 746 318 erga
777 261 821 303 te
860 272 1005 302 novus
1043 257 1191 300 honor
1232 258 1449 314 superest,

17 339 153 384 quam
192 323 232 370 si
271 323 514 380 aliquando
557 323 611 366 de
649 325 694 366 te
733 324 882 366 tacere
924 321 1177 365 audeamus.
1249 317 1367 377 Age,
1412 318 1449 362 si
1476 331 1500 363 4

17 386 197 446 quando
236 385 382 443 pietas
420 387 578 430 nostra
619 384 849 429 silentium
887 384 1011 442 rupit
1049 385 1094 426 et
1135 381 1450 426 verecundiam

17 453 143 496 tuam
175 448 307 507 vicit,
338 463 453 506 quae
482 448 721 506 qualiaque
755 451 834 492 aut
859 445 1139 491 decernimus
1172 459 1255 489 nos
1290 446 1368 488 aut
1398 447 1450 488 tu

17 528 111 558 non
140 511 341 557 recusas!
381 513 433 555 ut
472 511 686 569 adpareat
725 525 819 554 non
859 509 1069 568 superbia
1108 510 1153 552 et
1190 507 1373 552 fastidio
1405 509 1451 552 te

18 575 323 634 amplissimos
354 574 550 618 honores
576 573 831 630 repudiare,
865 573 943 630 qui
976 572 1171 616 minores
1204 585 1297 614 non
1331 570 1451 614 dedi-

17 638 182 699 gneris.
223 636 462 682 Pulchrius
482 636 594 694 hoc,
614 635 792 694 Caesar,
815 651 948 693 quam
971 636 1009 679 si
1028 648 1256 679 recusares
1278 648 1452 691 omnes3
1478 644 1500 677 5

16 717 123 747 nam
155 715 361 746 recusare
394 714 549 744 omnes
584 698 865 756 ambitionis,
904 697 1151 742 moderatio
1186 699 1254 740 est
1286 696 1451 755 eligere

17 764 318 824 parcissimos.
383 761 482 816 Quo
522 764 876 820 temperamento
923 764 968 805 et
1011 760 1144 805 nobis
1190 762 1236 804 et
1280 758 1450 803 aerario

18 827 238 886 consulis,
268 825 399 870 nobis
433 825 634 883 quidem,
677 825 797 882 quod
830 825 955 868 omni
986 823 1149 868 liberas
1183 822 1452 880 suspicione,

17 890 190 936 aerario
227 892 398 946 autem,
441 888 562 946 quod
601 887 856 945 sumptibus
896 887 991 931 eius
1031 885 1215 930 adhibes
1255 884 1452 942 modum,

17 955 72 999 ut
90 952 171 1012 qui
198 953 468 998 exhaustum
487 966 582 995 non
609 951 671 995 sis
699 950 1006 994 innocentium
1027 948 1159 994 bonis
1186 948 1451 1006 repleturus.

19 1015 154 1062 Stant
184 1015 327 1076 igitur
364 1014 539 1074 effigies
579 1016 702 1071 tuae,
744 1013 898 1071 quales
939 1012 1048 1056 olim
1088 1011 1146 1056 ob
1186 1011 1367 1070 egregia
1405 1010 1453 1054 in
1480 1021 1502 1054 6

21 1094 118 1125 rem
130 1078 360 1138 publicam
377 1077 540 1122 merita
552 1077 741 1135 privatis
763 1076 1044 1133 dicabantur3
1071 1075 1279 1118 visuntur
1299 1073 1454 1118 eadem

24 1158 50 1188 e
80 1141 270 1187 materia
289 1139 489 1186 Caesaris
523 1143 697 1184 statuae
731 1154 819 1197 qua
838 1138 1105 1195 Brutorum,
1138 1152 1225 1194 qua
1246 1135 1454 1181 Camillo-

18 1221 134 1251 rum.
195 1203 295 1250 Nec
327 1203 553 1262 discrepat
578 1217 723 1248 causa.
788 1202 863 1246 Illi
889 1201 1008 1246 enim
1034 1215 1161 1259 reges
1187 1199 1453 1257 hostemque
1482 1210 1503 1242 7

20 1269 242 1314 victorem
261 1267 498 1312 moenibus
520 1265 811 1325 depulerunt,
828 1265 904 1309 hic
923 1279 1113 1323 regnum
1134 1263 1302 1321 ipsum,
1323 1278 1455 1321 quae-

21 1347 110 1391 que
135 1331 225 1376 alia
251 1330 491 1389 captivitas
512 1330 678 1389 gignit,
710 1331 831 1372 arcet
858 1343 909 1372 ac
938 1329 1190 1372 summovet
1215 1326 1455 1383 sedemque

22 1394 199 1440 obtinet
229 1392 467 1453 principis,
500 1408 556 1437 ne
590 1392 649 1436 sit
680 1392 806 1436 locus
840 1391 1035 1435 domino.
1101 1388 1169 1433 Ac
1196 1388 1309 1432 mihi
1334 1388 1452 1432 intu-
1480 1399 1503 1434 8

22 1457 117 1504 enti
146 1457 414 1516 sapientiam
433 1459 558 1501 tuam
592 1455 739 1499 minus
768 1454 931 1498 mirum
958 1453 1154 1509 videtur,
1189 1452 1310 1509 quod
1339 1466 1456 1495 mor-

22 1521 137 1566 tales
170 1521 286 1565 istos
318 1519 599 1577 caducosque
638 1518 797 1562 titulos
837 1519 915 1561 aut
948 1515 1197 1574 depreceris
1236 1518 1316 1559 aut
1347 1516 1456 1558 tem-

22 1598 171 1644 peres3
213 1583 301 1629 scis
334 1583 474 1640 enim,
520 1581 599 1626 ubi
637 1597 742 1625 vera
783 1579 1019 1638 principis,
1061 1578 1140 1622 ubi
1184 1578 1457 1635 sempiterna

25 1647 86 1693 sit
103 1646 269 1707 gloria,
299 1646 379 1691 ubi
398 1646 490 1690 sint
508 1645 722 1700 honores,
754 1643 801 1687 in
823 1658 934 1700 quos
961 1642 1073 1686 nihi]
1102 1641 1317 1697 flammis,
1342 1639 1457 1684 nihil

25 1710 266 1766 senectuti,
316 1709 433 1754 nihil
475 1706 807 1752 successoribus
850 1706 996 1750 liceat.
1061 1702 1206 1748 Arcus
1250 1703 1370 1748 enim
1413 1705 1458 1747 et
1485 1715 1506 1748 9

25 1775 217 1831 statuas,
258 1788 357 1817 aras
399 1771 535 1816 etiam
577 1770 836 1828 templaque
878 1767 1121 1812 demolitur
1162 1769 1207 1811 et
1246 1766 1458 1811 obscurat

24 1835 215 1894 oblivio,
238 1835 442 1895 neglegit
462 1834 694 1892 carpitque
709 1831 966 1890 posteritas:
994 1833 1151 1875 contra
1171 1832 1458 1887 contemptor

25 1898 286 1944 ambitionis
326 1901 372 1943 et
410 1897 612 1942 infinitae
654 1894 892 1954 potestatis
933 1893 1128 1938 domitor
1168 1907 1220 1937 ac
1258 1892 1459 1936 frenator

24 1962 202 2007 animus
234 1961 333 2020 ipsa
363 1963 588 2006 vetustate
621 1957 818 2003 florescit
849 1971 932 2001 nec
965 1956 1021 2000 ab
1047 1956 1127 2000 ull·
1187 1955 1331 2015 magis
1363 1954 1458 1999 lau-

25 2025 178 2080 datur,
210 2040 346 2083 quam
374 2024 537 2083 quibus
565 2022 749 2066 minime
775 2034 955 2064 necesse
982 2022 1060 2063 est.
1115 1971 1373 2076 llgraeterea,
1407 2020 1459 2062 ut

27 2088 218 2146 quisque
243 2087 391 2132 factus
418 2089 486 2132 est
511 2086 741 2144 princeps,
772 2083 999 2140 extemplo
1026 2082 1148 2126 fama
1173 2081 1287 2139 eius,
1319 2081 1458 2126 incer-

25 2154 124 2196 tum
165 2151 286 2196 bona
326 2166 384 2195 an
426 2149 563 2206 mala,
605 2149 802 2193 ceterum
846 2148 1026 2190 aeterna
1068 2147 1147 2189 est.
1211 2143 1319 2188 Non
1351 2158 1458 2203 ergo
1487 2155 1533 2188 10

128 2291 151 2325 8
178 2287 398 2325 moderatio
426 2287 486 2323 est
512 2282 859 2328 AB¹0M¹0W‚
887 2282 952 2327 K.‚
986 2280 1270 2317 moderationis
1298 2280 1358 2317 est
1384 2281 1459 2327 (est

28 2350 100 2376 om.
122 2339 175 2386 Β)
195 2339 235 2375 Β
251 2339 294 2383 V,
326 2338 483 2380 Baehr„
518 2334 654 2371 Muell.
831 2336 852 2368 9
887 2332 1039 2369 aerario
1073 2353 1119 2358 ——
1155 2335 1204 2368 10
1236 2330 1458 2377 suspicione

27 2389 118 2426 aad.
138 2401 172 2426 w
199 2393 234 2426 et
261 2389 372 2426 Keili
398 2387 481 2424 Ad.
606 2388 651 2421 19
681 2384 782 2420 dom.
805 2383 877 2420 loc.
899 2384 1013 2430 vuly„
1041 2382 1113 2419 loc.
1136 2381 1239 2418 dom.
1262 2381 1459 2426 Hofacker

20 2451 64 2488 p.
85 2442 146 2477 48.
250 2442 297 2475 23
325 2437 394 2474 ubi
419 2437 500 2473 sint
524 2436 640 2481 vuly„
665 2434 708 2470 hi
736 2433 795 2481 (ii)
823 2433 903 2469 sint
929 2434 1049 2480 (sunt)
1078 2432 1201 2478 codd„
1226 2430 1366 2480 gloria.
1406 2430 1459 2467 Hi

28 2488 171 2527 sinceri
197 2489 339 2526 Baehr.
500 2489 547 2522 29
574 2485 783 2522 Praeterea
809 2505 857 2511 -
884 2486 933 2520 31
961 2484 1122 2520 aeterna
1149 2483 1209 2519 est
1235 2482 1389 2518 AB‘M
1391 2482 1401 2499 ¹
1415 2481 1459 2527 O,

29 2540 157 2588 Gusp„
185 2540 238 2576 Κ.
254 2540 279 2577 1
302 2543 414 2585 tamq.
436 2537 592 2582 insitio„
621 2535 772 2581 Muell„
805 2546 875 2572 om.
896 2533 979 2571 rell.
1000 2533 1120 2579 codd„
1156 2533 1207 2569 K.
1222 2532 1282 2578 ΙΙ,
1315 2532 1458 2569 Baehr.
