1716 2742
220 99 309 144 288
670 92 870 131 oPL1N1
896 82 961 129 ΕΤ
989 91 1205 130 ΤΒΑΙΑΝΙ

785 211 896 251 LIII.
933 209 1077 264 [in]

696 299 954 334 TRAIANUS
981 299 1172 334 PLINIO.

334 382 510 435 Quanta
540 382 760 441 religione
793 384 838 426 et
863 382 1036 426 laetitia
1062 382 1392 427 commilitones
1419 397 1522 427 cum
1549 396 1651 439 pro-

221 445 488 490 vincialibus
540 447 585 488 te
636 447 879 502 praeeunte
931 445 1050 489 diem
1101 444 1280 502 imperii
1324 445 1414 489 mei
1459 444 1652 489 celebra-

220 508 384 564 verint,
426 507 638 564 libenter,
680 507 743 551 mi
777 506 981 552 Secunde
1014 506 1261 565 carissime,
1303 507 1497 566 cognovi
1534 507 1652 551 litte-
1678 522 1696 551 5

221 570 282 614 ris
315 570 416 614 tuis.

778 649 887 691 LIV.
928 645 1094 704 [an]

499 737 542 772 C.
563 738 769 772 PLINIUS
797 738 1022 773 TRAIANO
1043 738 1376 772 IMPERATORI.

175 830 194 863 1
335 820 558 866 Pecuniae
590 821 817 879 publicae,
851 821 1048 878 domine,
1080 821 1366 878 providentia
1391 822 1470 865 tua
1496 823 1541 865 et
1573 820 1655 865 mi-

222 884 408 928 nisterio
441 887 597 929 nostro
632 886 676 927 et
707 885 798 928 iam
831 886 1012 928 exactae
1045 886 1151 928 sunt
1177 886 1221 928 et
1247 883 1508 942 exiguntur3
1541 898 1656 941 quae
1683 897 1716 926 ιο

223 962 379 991 vereor
410 962 466 990 ne
501 946 670 991 otiosae
697 947 882 991 iaceant.
946 946 1066 991 Nam
1094 949 1139 991 et
1163 946 1452 1004 praediorum
1477 960 1656 1004 compa-

223 1009 466 1054 randorum
500 1011 578 1054 aut
609 1010 736 1054 nulla
769 1012 847 1053 aut
879 1009 1108 1054 rarissima
1140 1008 1316 1054 occasio
1350 1011 1436 1066 est,
1475 1023 1558 1053 nec
1590 1008 1656 1052 in-

224 1071 485 1130 veniuntur,
528 1072 606 1130 qui
645 1072 787 1116 velint
820 1072 980 1116 debere
1018 1072 1084 1116 rei
1122 1072 1351 1130 publicae,
1392 1071 1657 1130 praesertim

175 1145 197 1178 2
225 1134 443 1179 duodenis
489 1135 684 1192 assibus,
737 1135 895 1193 quanti
935 1151 961 1179 a
1006 1134 1194 1192 privatis
1240 1136 1515 1180 mutuantur.
1579 1133 1657 1178 Di-

226 1198 347 1256 spice
385 1212 514 1256 ergo,
556 1197 756 1255 domine,
799 1197 1020 1255 numquid
1060 1197 1349 1242 minuendam
1387 1212 1570 1241 usuram
1605 1211 1658 1242 ac
1684 1211 1716 1239 ιε

225 1277 306 1319 per
349 1260 437 1305 hoc
489 1260 675 1304 idoneos
722 1260 946 1305 debitores
998 1260 1255 1305 invitandos
1296 1262 1448 1318 putee,
1498 1261 1561 1313 et,
1620 1259 1658 1304 si

225 1338 307 1368 nec
353 1323 417 1367 sic
462 1323 766 1381 reperiuntur,
816 1322 1170 1368 distribuendam
1223 1322 1342 1367 inter
1395 1322 1658 1367 decuriones

225 1386 482 1443 pecuniam,
533 1386 597 1430 ita
645 1388 696 1429 ut
742 1388 863 1430 recte
915 1385 980 1430 rei
1027 1385 1235 1444 publicae
1283 1387 1489 1443 caveant3
1537 1384 1658 1443 quod

228 1463 501 1506 quamquam
534 1448 687 1492 invitis
722 1451 767 1493 et
798 1448 1109 1493 recusantibus
1143 1448 1291 1493 minus
1331 1448 1539 1493 acerbum
1574 1447 1660 1492 erit

227 1512 393 1556 leviore
425 1526 562 1556 usura
594 1512 852 1556 constituta.
1685 1523 1716 1552 2<

785 1640 872 1682 LV.
913 1638 1100 1693 [LXIII]

707 1729 963 1764 TRAIANUS
990 1729 1180 1764 PLINIO.

343 1812 403 1856 Et
436 1812 532 1870 ipse
564 1828 656 1856 non
690 1812 813 1856 aliud
845 1812 1091 1856 remedium
1126 1811 1334 1870 dispicio,
1368 1812 1431 1856 mi
1458 1810 1662 1856 Secunde

231 1875 474 1932 carissime,
509 1890 642 1933 quam
676 1878 727 1919 ut
760 1875 987 1932 quantitas
1020 1890 1258 1919 usurarum
1290 1874 1538 1932 minuatur,
1571 1888 1661 1932 quo

230 1937 406 1982 facilius
440 1938 654 1995 pecuniae
682 1938 889 1996 publicae
917 1938 1207 1982 collocentur.
1270 1936 1458 1982 Modum
1485 1936 1579 1982 eius
1606 1951 1662 1981 ex
1688 1949 1716 1979 ει

232 1999 362 2058 copia
395 2015 567 2057 eorum,
602 2001 679 2058 qui
707 2001 1053 2058 mutuabuntur,
1086 2002 1137 2044 tu
1164 1999 1423 2045 constitues.
1488 1998 1661 2044 Invitos

232 2062 289 2106 ad
309 2062 617 2120 accipiendum
640 2064 928 2122 compellere,
962 2063 1083 2121 quod
1109 2062 1314 2107 fortassis
1334 2062 1443 2122 ipsis
1465 2061 1662 2107 otiosum

232 2125 434 2168 futurum
468 2125 545 2183 sit,
582 2140 675 2169 non
708 2129 776 2170 est
809 2142 863 2171 ex
897 2126 1070 2171 iustitia
1102 2128 1361 2171 nostrorum
1393 2128 1662 2183 temporum.

89 2061 109 2090 ἡ

335 2276 356 2309 5
391 2273 536 2320 agnovi
562 2274 612 2311 A.
756 2278 802 2310 14
837 2274 1030 2311 duodenis
1065 2273 1219 2311 assibus
1253 2274 1347 2321 Aa,
1379 2273 1498 2310 deleri
1529 2273 1665 2310 volunt

236 2323 442 2361 Ernestius
481 2328 517 2361 et
555 2324 696 2370 Hard„
738 2325 866 2361 usuris
909 2324 1062 2361 assibus
1102 2324 1320 2363 Salmasius
1357 2327 1393 2361 et
1433 2322 1662 2360 Gronovius.

237 2377 282 2410 17
310 2385 359 2410 ne
386 2373 443 2409 sic
470 2374 562 2419 Aa,
588 2385 661 2411 nec
689 2374 743 2410 sic
769 2375 845 2420 Or„
879 2376 982 2421 K.1,
1010 2375 1153 2421 Ηανά.,
1180 2374 1319 2420 Meron,
1345 2373 1393 2420 cf.
1416 2384 1471 2419 ep.
1493 2374 1548 2410 II
1561 2375 1598 2417 2,
1618 2375 1664 2418 2;

235 2423 305 2463 IX
327 2426 365 2469 2,
391 2426 437 2469 2;
469 2435 607 2471 paneg).
631 2427 690 2470 16,
718 2427 764 2470 3,·
806 2428 866 2470 73,
895 2428 917 2461 3
925 2439 939 2470 ;
981 2427 1043 2471 86,
1070 2427 1115 2470 3,·
1158 2436 1206 2461 ne
1234 2423 1290 2461 sic
1318 2423 1538 2473 (quidem)
1567 2423 1664 2470 Cat„

238 2474 289 2512 K.
305 2474 359 2511 11
380 2474 496 2521 (disp.
518 2474 570 2510 ΙΙ
587 2477 666 2521 13),
694 2475 832 2512 Muell.
