1716 2742
493 123 858 162 EPISTULARUM
883 123 936 160 IX
964 127 1125 161 26—28.
1439 124 1531 169 253

98 242 352 300 confodias3
389 241 606 299 intellego
646 239 766 284 enim
809 255 899 296 me,
941 238 1049 282 dum
1088 238 1265 283 veniam
1305 237 1532 296 prioribus

98 308 226 364 peto,
255 305 306 350 in
343 305 425 349 illa
462 304 581 361 ipsa,
627 318 740 360 quae
786 302 1101 358 adnotaveras,
1146 301 1368 345 incidisse.
1445 299 1532 344 Sed

99 367 332 414 confodias
375 367 502 423 lieet,
547 366 654 410 dum
700 365 835 409 modo
875 364 965 408 iam
1002 379 1124 408 nunc
1164 364 1359 407 destines
1402 363 1535 420 diem,

100 445 191 490 quo
237 433 282 474 et
326 429 381 474 de
432 429 524 473 illis
570 431 615 472 et
660 427 714 471 de
759 428 830 471 his
877 442 1028 472 coram
1073 427 1251 485 exigere
1296 426 1533 484 possimus

55 499 74 527 ⁶
99 493 195 538 Aut
233 495 352 538 enim
390 494 443 536 tu
482 506 555 535 me
587 490 799 534 timidum
843 492 921 533 aut
954 504 1039 548 ego
1073 492 1118 533 te
1151 489 1439 533 temerarium
1472 489 1536 532 fa-

100 556 230 602 ciam.
294 554 420 599 Vale.
1073 596 1080 598 ,
1101 611 1114 614 ⁶

734 618 908 659 XXVII.
1065 636 1081 653 <

453 709 496 743 C.
518 708 724 742 PLINIUS
752 708 989 742 PATERNO
1019 707 1117 741 SUO
1147 707 1185 741 S.

196 779 375 834 Quanta
410 782 630 838 potestas,
665 781 833 836 quanta
866 778 1087 837 dignitas,
1114 780 1284 834 quanta
1316 777 1539 834 maiestas,
1568 789 1587 820 1

40 862 76 889 ιο
102 846 323 902 quantum
356 842 548 900 denique
580 855 750 885 numen
782 840 842 884 sit
873 840 1111 896 historiae,
1143 854 1245 884 cum
1283 840 1541 897 frequenter

101 907 212 952 alias
231 909 331 952 tum
350 905 555 964 proxime
578 905 710 948 sensi.
743 903 1030 948 Recitaverat
1050 903 1234 960 quidam
1255 902 1539 947 verissimum

101 970 271 1015 librum
321 971 586 1027 partemque
632 967 727 1011 eius
773 967 821 1010 in
867 966 1007 1010 alium
1054 965 1171 1009 diem
1224 969 1540 1010 reservaverat.

101 1031 221 1078 Ecce
263 1031 398 1076 amici
439 1030 673 1075 cuiusdam
717 1031 895 1073 orantes
939 1028 1333 1085 obsecrantesque,
1375 1044 1431 1072 ne
1476 1044 1542 1072 re·
1569 1039 1591 1071 2

102 1095 230 1152 liqua
253 1093 474 1139 recitaret.
540 1092 714 1136 Tantus
748 1091 977 1148 audiendi,
1004 1107 1118 1148 quae
1150 1091 1358 1148 fecerint,
1384 1091 1543 1148 pudor,

41 1174 78 1202 15
105 1157 270 1216 quibus
311 1156 463 1200 nullus
506 1155 720 1211 faciendi,
761 1170 877 1212 quae
923 1154 1077 1198 audire
1123 1154 1404 1198 erubescunt.
1482 1153 1544 1197 Et

103 1221 181 1265 ille
224 1219 407 1277 quidem
444 1217 691 1277 praestitit,
731 1216 854 1275 quod
892 1217 1157 1276 rogabatur:
1198 1217 1375 1260 sinebat
1413 1217 1544 1274 fides;

103 1283 219 1329 liber
268 1285 423 1326 tamen
473 1284 526 1325 ut
576 1280 747 1325 factum
806 1280 956 1338 ipsum
1009 1282 1179 1336 manet,
1233 1279 1433 1323 manebit
1483 1280 1544 1323 le-

104 1348 325 1406 geturque
358 1360 537 1402 semper
567 1346 696 1388 tanto
731 1343 895 1401 magis,
929 1342 1035 1400 quia
1066 1357 1160 1386 non
1199 1343 1364 1386 statim.
1430 1342 1545 1386 Inci-

104 1410 261 1454 tantur
292 1408 413 1452 enim
439 1406 646 1451 homines
680 1406 736 1450 ad
764 1404 1095 1464 cognoscenda,
1123 1420 1237 1461 quae
1263 1405 1544 1449 differuntur.

43 1487 81 1514 20
106 1470 233 1516 Vale.

0 1548 2 1550 ’
728 1533 921 1575 XXVIII.

474 1624 517 1659 C.
539 1624 745 1658 PLINIUS
774 1624 985 1657 ROMANo
1016 1623 1112 1656 SUO
1142 1623 1180 1657 S.

201 1695 312 1741 Post
337 1696 527 1755 longum
554 1698 733 1752 tempus
762 1694 977 1751 epistulas
1005 1696 1127 1750 tuas,
1153 1691 1231 1736 sed
1257 1696 1348 1737 tres
1379 1692 1548 1750 pariter
1578 1706 1595 1735 1

107 1759 278 1817 recepi,
311 1773 466 1802 omnes
501 1757 882 1816 elegantissimas,
915 1755 1266 1813 amantissimas,
1306 1758 1350 1799 et
1390 1755 1545 1813 quales

45 1836 83 1865 25
110 1838 138 1866 a
163 1824 208 1866 te
233 1821 404 1878 venire,
431 1820 696 1878 praesertim
724 1818 1015 1875 desideratas,
1049 1818 1299 1875 oportebat.
1348 1817 1547 1870 Quarum

109 1900 200 1928 una
218 1883 418 1942 iniungis
439 1882 552 1926 mihi
573 1881 948 1926 iucundissimum
969 1881 1283 1938 ministerium,
1302 1884 1355 1924 ut
1375 1880 1430 1924 ad
1445 1880 1548 1924 Plo·

108 1947 270 2003 tinam,
297 1946 628 1990 sanctissimam
654 1944 889 2000 feminam,
920 1943 1096 1987 litterae
1122 1947 1226 1987 tuae
1253 1943 1548 2001 perferantur.

109 2009 410 2054 Pei-ferentur.
463 2007 633 2051 Eadem
669 2006 955 2051 commendas
983 2005 1212 2064 Popilium
1240 2006 1548 2050 Artemisium.
1576 2017 1598 2049 ‘2

111 2071 275 2117 Statim
307 2070 533 2129 praestiti,
569 2069 690 2127 quod
722 2069 915 2127 petebat.
979 2069 1156 2113 Indicas
1184 2069 1320 2113 etiam
1348 2068 1548 2112 modicas

0 2137 7 2170 -“
47 2149 85 2177 so
109 2138 155 2180 te
188 2133 436 2178 vindemias
469 2132 718 2191 collegisse.
783 2130 1045 2176 Communis
1084 2132 1195 2176 haec
1235 2131 1348 2174 mihi
1386 2134 1550 2187 tecum,

0 2203 3 2208 ’
111 2212 384 2255 quamquam
418 2196 467 2239 in
499 2194 804 2239 diversissima
829 2197 955 2252 parte
982 2197 1217 2250 terrarum,
1244 2194 1444 2251 querella
1470 2197 1548 2237 est.

110 2259 269 2304 Altera
309 2259 504 2317 epistula
538 2257 721 2301 nuntias
764 2258 908 2301 multa
949 2260 993 2301 te
1036 2271 1156 2300 nunc
1199 2256 1386 2313 dictare,
1428 2271 1549 2300 nunc
1577 2267 1598 2300 3

112 2322 324 2379 scribere,
370 2321 533 2379 quibus
575 2335 659 2364 nos
702 2320 787 2364 tibi
828 2323 1146 2378 repraesentes.
1224 2318 1399 2363 Gratias
1443 2333 1550 2377 ago3

113 2400 292 2444 agerem
325 2384 488 2443 magis,
524 2383 561 2427 si
595 2398 666 2427 me
699 2383 777 2426 illa
811 2382 927 2440 ipsa,
956 2398 1069 2440 quae
1104 2381 1262 2425 scribis
1290 2384 1369 2425 aut
1395 2381 1549 2437 dictas,

215 2511 262 2544 26
290 2508 334 2543 ut
361 2519 432 2545 om.
455 2508 496 2544 D
504 2519 578 2554 pr,
606 2506 739 2543 Muell.
