1630 2678
193 147 280 193 130
781 141 819 179 C.
845 140 980 178 PLINI

190 256 380 316 (vereor,
423 271 553 313 quam
597 256 644 298 in
687 257 855 312 partem
900 253 1007 297 iuris
1053 251 1265 309 consulti,
1289 251 1451 310 quod·
1478 266 1578 297 sum

189 318 403 373 dicturus,
443 314 676 374 accipiant)
718 315 941 372 antiquior
980 314 1074 357 iure
1115 315 1200 371 est,
1237 312 1392 370 utique
1427 312 1476 358 in
1513 328 1578 370 eo,

141 393 162 426 3
191 379 307 436 quod
333 379 386 422 ad
412 392 687 421 communem
713 377 901 434 patriam
926 375 1069 418 voluit
1093 374 1332 432 pervenire.
1383 373 1474 432 An,
1507 374 1578 419 cui

189 441 242 483 de
279 454 374 483 meo
413 438 659 482 sestertium
697 437 884 481 sedecies
924 436 1111 492 contuli,
1146 435 1252 480 huic
1287 435 1578 495 quadringen-

188 503 331 544 torum
373 499 542 543 milium
583 499 716 556 paulo
758 498 946 555 amphus
987 497 1162 541 tertiam
1203 499 1374 555 partem
1416 512 1471 542 ex
1505 497 1578 542 ad-
1602 509 1620 538 ⁶

187 561 373 605 venticio
406 560 645 619 denegem?
684 559 784 604 Scio
817 562 861 603 te
894 573 1070 615 quoque
1102 574 1129 602 a
1158 558 1323 603 iudicio
1355 568 1454 603 meo
1486 573 1578 603 non

186 621 433 678 abhorrere,
475 636 575 665 cum
614 621 794 664 eandem
834 636 927 664 rem
965 619 1189 676 publicam
1229 622 1281 663 ut
1317 619 1426 664 civis
1464 619 1576 678 opti-

138 697 161 728 4
186 698 282 726 mus
329 683 498 740 diligas.
561 681 708 726 Velim
757 697 882 740 ergo,
936 696 1035 725 cum
1075 681 1278 738 proxime
1318 680 1576 726 decuriones

186 744 512 799 contrahentur,
555 743 661 800 quid
699 743 757 786 sit
788 743 914 799 iuriS,
956 742 1141 798 indices,
1182 756 1314 799 parce
1351 744 1502 787 tamen
1533 745 1578 786 et

185 805 397 861 modeste3
449 804 603 848 deinde
660 804 897 862 subiungas
950 818 1032 847 nos
1083 803 1405 862 quadringenta
1453 803 1578 848 milia
1602 813 1630 843 ιε

186 866 355 920 offerre,
388 866 502 909 sicut
526 865 796 923 praeceperit
823 865 1097 908 Saturninus.
1139 865 1266 909 Illius
1290 865 1378 910 hoc
1402 878 1578 922 munus,

183 926 301 970 illius
338 926 597 982 liberalitas3
636 929 837 971 nostrum
875 929 1048 970 tantum
1087 925 1350 983 obsequium
1381 928 1575 971 vocetur.

137 1001 158 1033 5
183 986 304 1031 Haec
347 1002 429 1045 ego
475 987 660 1032 scribere
704 988 878 1045 publice
924 987 1168 1044 supersedi,
1217 987 1412 1045 primum
1457 987 1575 1045 quod

184 1048 465 1092 memineram
507 1063 588 1106 pro
632 1049 951 1092 necessitudine
996 1049 1214 1093 amicitiae
1252 1051 1450 1106 nostrae,
1492 1063 1574 1106 pro

182 1109 390 1153 facultate
428 1109 683 1166 prudentiae
724 1112 825 1153 tuae
862 1113 906 1153 et
947 1110 1101 1154 debere
1141 1112 1186 1154 te
1230 1112 1275 1154 et
1311 1125 1442 1168 posse
1478 1125 1575 1168 per·
1601 1125 1630 1154 u

182 1170 283 1214 inde
314 1171 421 1214 meis
454 1186 504 1214 ac
535 1171 623 1214 tuis
655 1171 853 1228 partibus
885 1171 1025 1229 fungi,
1057 1171 1212 1216 deinde
1245 1171 1350 1228 quia
1380 1171 1576 1228 verebar,

181 1246 236 1274 ne
268 1231 460 1288 modum,
492 1247 622 1288 quem
654 1232 736 1275 tibi
768 1233 814 1275 in
846 1247 1046 1276 sermone
1078 1232 1300 1277 custodire
1332 1232 1463 1277 facile
1495 1235 1574 1289 est,
1627 1261 1630 1263 -

181 1292 373 1335 tenuisse
404 1292 451 1335 in
482 1293 670 1349 epistula
700 1308 790 1336 non
816 1293 995 1337 viderer.
1057 1293 1175 1337 Nam
1202 1309 1449 1338 sermonem
1479 1293 1576 1338 vul-

182 1355 266 1409 tus,
291 1356 452 1411 gestus,
477 1368 564 1397 vox
588 1354 685 1410 ipsa
710 1354 973 1411 moderatur,
1006 1355 1199 1412 epistula
1224 1355 1430 1400 omnibus
1457 1369 1575 1400 com·
1628 1407 1630 1410 Α

182 1414 532 1458 mandationibus
559 1415 768 1458 destituta
792 1416 1060 1474 malignitati
1092 1416 1476 1473 interpretantium
1502 1431 1574 1460 ex·
1598 1430 1630 1461 11

159 1475 370 1530 ponitur.
433 1475 554 1518 Vale.

816 1579 931 1621 VHL
975 1561 1101 1615 kloic
1116 1559 1259 1640 last-7
1279 1572 1299 1621 ,⁷

411 1664 665 1698 o.PL1N1Us
693 1666 883 1700 ΤΙΤΙΝΙΟ
911 1666 1148 1701 CAPITONI
1175 1666 1270 1701 SUO
1298 1666 1336 1702 S.

1624 1716 1630 1734 Ι

274 1740 449 1798 Suades,
481 1747 531 1786 ut
560 1745 788 1788 historiam
822 1747 1021 1803 scribam,
1054 1750 1098 1791 et
1129 1746 1284 1791 suades
1309 1761 1403 1790 non
1433 1746 1573 1791 solus:
1624 1742 1630 1817 ξ

183 1803 310 1845 multi
343 1804 427 1847 hoc
458 1819 527 1847 me
553 1820 680 1862 saepe
707 1811 980 1864 monuerunt,
1014 1811 1058 1851 et
1090 1823 1172 1866 ego
1199 1809 1315 1864 volo,
1347 1823 1440 1852 non
1466 1808 1571 1866 quia
1597 1819 1630 1867 sq

182 1864 409 1907 commode
440 1864 657 1909 facturum
695 1882 786 1910 esse
826 1869 998 1912 confido
1039 1870 1104 1928 (id
1137 1869 1254 1912 enim
1286 1871 1451 1913 temere
1483 1883 1572 1913 cre·
1623 1884 1630 1959 i

183 1923 257 1966 das
289 1924 374 1967 nisi
407 1925 647 1984 expertus),
687 1928 761 1970 sed
793 1929 895 1984 quia
927 1931 1036 1972 mihi
1067 1930 1304 1987 pulchrum
1336 1930 1384 1974 in
1415 1930 1571 1988 primis

181 1985 353 2027 videtur
383 2000 473 2028 non
511 1987 603 2042 pati
636 1989 848 2045 occidere,
888 1991 1047 2046 quibus
1081 1992 1316 2035 aeternitas
1350 1991 1571 2047 debeatur,

182 2045 454 2102 aliorumque
479 2047 642 2091 famam
669 2063 767 2092 cum
796 2065 873 2093 sua
899 2053 1141 2096 extendere.
1187 2052 1259 2096 Me
1284 2054 1432 2096 autem
1457 2052 1572 2096 nihil

277 2169 301 2199 4
328 2165 494 2201 sedecies
522 2167 615 2211 Ma,
642 2168 692 2203 K.
714 2169 771 2211 II,
804 2169 863 2204 his
890 2171 1038 2207 edecies
1065 2173 1119 2217 D,
1150 2171 1211 2208 his
1237 2172 1403 2209 editions
1428 2171 1479 2218 F,
1510 2171 1571 2208 his

181 2213 367 2249 adiiciens
388 2226 458 2259 pr,
485 2227 549 2250 sex
575 2215 700 2251 decies
721 2218 905 2254 adiiciens
926 2229 958 2262 ς,
987 2220 1189 2268 [se]decies
1209 2222 1260 2258 K.
1276 2224 1308 2267 I,
1326 2222 1375 2267 cf.
1397 2221 1570 2258 Momm.

181 2262 307 2317 Herna.
326 2263 401 2298 ΙΙΙ
422 2265 554 2309 (1863)
568 2276 608 2310 p.
626 2268 708 2308 101,
742 2267 914 2303 Zez'tschr.
935 2270 963 2313 f.
985 2270 1236 2316 Rechtsyesch.
1257 2282 1291 2307 a.
1314 2273 1412 2307 1867
1429 2271 1570 2317 p.314.

180 2313 226 2346 23
252 2310 397 2346 Titinio
423 2323 468 2347 ex
494 2313 542 2357 R,
570 2313 640 2348 K„-
666 2311 733 2349 ‘ad
763 2315 931 2352 Tacitum
962 2319 1140 2363 scriptam
1171 2319 1370 2364 epistulam
1400 2317 1572 2356 indicare

178 2359 327 2396 videtur
351 2359 530 2396 Sidonius
555 2362 792 2406 Apollinaris
819 2365 884 2398 IV
903 2366 981 2400 21².
1162 2371 1208 2403 26
1235 2367 1385 2403 confido
1411 2367 1572 2414 Dpra,

179 2407 368 2444 confidam
396 2409 447 2444 M
454 2410 501 2453 F,
527 2411 624 2456 vuly.
756 2415 801 2447 28
827 2424 903 2448 non
928 2414 1012 2459 pati
1039 2417 1129 2461 (non
1153 2428 1179 2451 n
1204 2417 1289 2462 pati
1314 2417 1370 2463 D)
1396 2414 1571 2460 occidere
1612 2431 1615 2433 ’

178 2457 383 2503 FDpra,
407 2458 569 2502 posteris
594 2459 746 2496 tradere
773 2461 831 2497 M.
1548 2483 1549 2488 =
