1630 2678
472 136 829 174 EPISTULARUM
854 137 888 173 V
915 136 1066 173 21-VI
1092 141 1125 173 2.
1408 137 1495 183 145

34 225 38 227 *
90 242 429 325 201le&
765 253 819 293 Π.
881 245 1273 317 Δίγῖίφυηὺς.

8 367 14 374 ,ἢ
444 326 487 362 C.
507 327 710 362 PLINIUS
734 327 956 362 ARRIANO
984 327 1079 362 SUO
1107 327 1145 362 S.

5 375 26 452 ἕ
178 392 312 442 Soleo
353 411 445 441 non
485 411 728 454 numquam
770 396 817 439 in
858 395 1032 440 iudiciis
1074 411 1281 452 quaerere
1321 395 1380 440 M.
1412 395 1495 440 Re-
1522 408 1536 441 1

128 467 134 470 “
174 466 265 516 um,
294 458 401 503 nolo
427 458 545 502 enim
572 457 716 502 dicere
742 456 996 502 desiderare.
1055 456 1145 501 Cur
1170 472 1275 516 ergo
1302 456 1495 515 quaero?

166 518 303 564 bebat
332 518 491 564 studiis
522 518 755 574 honorem,
786 519 990 575 timebat,
1020 519 1234 575 pallebat,
1265 518 1497 576 scribebat,
1520 531 1542 564 2

7 582 22 619 ''2³-
95 580 297 639 quamvis
314 594 407 625 non
427 583 579 638 posset
597 580 800 624 ediscere.
857 579 973 623 Illud
990 580 1152 637 ipsum,
1178 580 1296 636 quod
1317 580 1495 624 oculum

9 650 23 681 ὅ
93 640 227 686 modo
253 641 472 697 dextrum,
496 640 629 686 modo
662 642 889 685 sinistrum
909 641 1253 697 circumlinebat,
1280 641 1497 699 dextrum,

0 718 27 787 ἶ]
94 701 134 748 si
150 717 179 747 a
195 703 399 761 petitore,
424 703 625 759 alterum,
651 702 689 746 si
708 717 734 745 a
752 716 1005 760 possessore
1025 705 1140 746 esset
1159 705 1348 758 acturus,
1375 701 1496 760 quod

94 764 332 809 candidum
376 763 595 823 splenium
639 764 687 807 in
726 763 814 808 hoe
854 766 932 807 aut
971 764 1019 807 in
1056 763 1167 807 illud
1209 763 1496 821 supercilium

33 836 72 867 ιο
93 824 405 882 transferebat,
459 825 579 883 quod
623 840 796 882 semper
838 825 1093 882 haruspices
1139 825 1399 869 consulebat:
1442 825 1496 869 de

4 903 19 945 it
94 886 282 932 actionis
314 889 493 944 eventu,
524 902 551 930 a
580 886 718 930 nimia
748 886 1080 944 superstitione,
1113 886 1188 930 sed
1213 889 1363 930 tamen
1394 889 1439 930 et
1469 901 1497 930 a

1 952 18 982 ’ὅ
95 962 259 1007 magno
291 947 539 996 studiorum
571 947 740 991 honore
766 947 981 992 veniebat.
1045 946 1139 991 Iam
1172 947 1251 990 illa
1281 962 1495 1005 perquam
1521 959 1543 993 3

94 1007 288 1054 iucunda
314 1024 404 1053 una
435 1009 701 1064 dicentibus,
740 1009 860 1066 quod
895 1009 1037 1053 libera
1074 1012 1275 1066 tempora
1306 1009 1496 1066 petebat,

95 1069 216 1128 quod
241 1069 468 1114 audituros
495 1070 768 1128 corrogabat.
815 1069 931 1123 Quid
956 1071 1073 1114 enim
1101 1070 1335 1114 iucundius
1362 1085 1494 1127 quam

96 1130 179 1176 sub
210 1131 391 1176 alterius
423 1131 607 1188 invidia,
641 1146 774 1188 quam
800 1131 877 1175 diu
908 1132 1031 1187 velis,
1063 1134 1107 1175 et
1132 1132 1178 1174 in
1204 1132 1348 1175 alieno
1374 1131 1496 1175 audi-

93 1191 210 1237 torio
256 1193 383 1250 quasi
427 1193 747 1251 deprehensum
798 1193 1028 1237 commode
1073 1193 1245 1236 dicere?
1298 1191 1384 1236 Sed
1429 1195 1494 1236 ut-
1520 1205 1544 1237 4

26 1255 36 1263 “
95 1267 285 1311 cumque
316 1268 363 1298 se
394 1254 561 1298 habent
590 1254 695 1309 ista,
738 1254 847 1298 bene
879 1254 987 1298 fecit
1018 1253 1236 1312 Regulus,
1277 1253 1395 1311 quod
1428 1256 1496 1298 est

94 1317 314 1359 mortuus:
366 1315 542 1371 melius,
596 1316 633 1358 si
671 1318 783 1359 ante.
846 1315 980 1359 Nunc
1018 1315 1134 1358 enim
1173 1330 1277 1358 sane
1321 1317 1496 1371 poterat

95 1376 189 1420 sine
234 1376 351 1420 malo
393 1377 571 1433 publico
603 1376 751 1420 vivere
792 1377 873 1420 sub
917 1392 968 1420 eo
1011 1376 1232 1433 principe,
1278 1376 1359 1419 sub
1406 1391 1494 1432 quo

93 1451 252 1481 nocere
282 1452 375 1482 non
406 1440 591 1495 poterat.
654 1436 759 1481 Ideo
791 1438 858 1481 fas
898 1441 965 1481 est
995 1453 1086 1481 non
1118 1452 1361 1494 numquam
1394 1452 1494 1481 eum
1530 1479 1533 1481 ,

95 1512 314 1555 quaerere.
375 1497 512 1554 Nam,
538 1501 772 1556 postquam
801 1499 913 1542 obiit
938 1499 1028 1554 ille,
1063 1498 1304 1542 increbruit
1329 1499 1493 1555 passim

95 1561 141 1604 et
179 1559 369 1604 invaluit
409 1560 681 1604 consuetudo
721 1561 846 1603 binas
888 1560 959 1602 vel
996 1559 1194 1618 singulas
1230 1559 1494 1616 clepsydras,

22 1671 25 1674 Α
93 1620 315 1665 inoerdum
356 1620 489 1664 etiam
531 1621 734 1665 dimidias
777 1624 819 1663 et
861 1620 993 1663 dandi
1035 1623 1079 1664 et
1116 1620 1307 1678 petendi.
1375 1620 1492 1665 Nam
1520 1633 1541 1666 5

0 1715 4 1726 .
93 1683 139 1726 et
169 1682 247 1739 qui
278 1682 449 1738 dicunt,
491 1683 633 1740 egisse
666 1682 837 1724 malunt
876 1696 1006 1738 quam
1040 1696 1188 1740 agere,
1229 1684 1273 1725 et
1312 1682 1388 1738 qui
1420 1697 1493 1726 au-

94 1742 240 1799 diunt,
272 1742 399 1787 finire
432 1758 565 1800 quam
599 1743 802 1786 iudicare.
867 1742 1008 1786 Tanta
1039 1743 1339 1801 neglegentia,
1369 1745 1494 1787 tanta

22 1822 31 1827 ··
94 1803 281 1860 desidia,
317 1806 442 1847 tanta
480 1804 668 1860 denique
707 1803 997 1847 inreverentia
1038 1804 1284 1848 studiorum
1324 1805 1494 1861 pericu-

94 1865 327 1922 lorumque
360 1868 435 1908 est.
501 1864 573 1907 An
604 1879 685 1908 nos
725 1865 1012 1922 sapientiores
1044 1866 1284 1909 maioribus
1316 1866 1494 1922 nostris,
1519 1877 1541 1910 6

94 1939 176 1970 nos
207 1925 381 1984 legibus
424 1925 532 1982 ipsis
571 1925 796 1981 iustiores,
841 1940 952 1983 quae
990 1929 1059 1971 tot
1095 1926 1247 1983 horas,
1287 1930 1356 1970 tot
1388 1928 1492 1983 dies,

94 1989 165 2031 tot
196 1986 678 2044 comperendinationes
711 1986 989 2045 largiuntur?
1033 1988 1210 2032 hebetes
1250 1988 1315 2031 illi
1348 1990 1392 2031 et
1424 2003 1493 2031 su-

32 2061 72 2091 ⁸0
94 2062 176 2105 pra
207 2047 386 2091 modum
413 2046 540 2103 tardi,
572 2061 653 2091 nos
686 2048 880 2105 apertius
913 2049 1118 2102 dicimus,
1151 2050 1334 2093 celerius
1367 2049 1493 2092 intel·

94 2109 297 2168 legimus,
321 2108 571 2166 religiosius
598 2108 855 2163 indicamus,
888 2110 992 2167 quia
1016 2110 1298 2167 paucioribus
1325 2110 1494 2167 clepsy-

95 2170 186 2214 dris
217 2170 559 2228 praecipitamus
592 2184 762 2226 causas,
795 2185 926 2228 quam
959 2171 1109 2215 diebus
1141 2171 1350 2228 explicari
1383 2172 1493 2214 sole·

193 2269 315 2313 ⁴⁰80
337 2276 408 2312 pro
434 2277 525 2311 ergo
551 2277 581 2301 r.
702 2269 723 2302 6
750 2265 948 2303 dediscere
975 2267 1123 2311 Catari„
1149 2278 1185 2311 a,
1211 2267 1310 2312 quod
1330 2267 1493 2313 probare

188 2314 503 2362 interpunqens
521 2315 596 2350 ita:
615 2314 811 2351 dediscere
830 2314 952 2351 illud
942 2326 1081 2371 ipsum,
1102 2315 1263 2360 quod—
1279 2318 1355 2362 (10)
1369 2317 1492 2351 traus-

95 2361 257 2400 ferebat.
297 2361 406 2420 Quod
427 2374 576 2409 semper
593 2368 672 2400 cett.
774 2367 795 2399 9
821 2364 1009 2401 alter-mn
1000 2376 1040 2400 m
1059 2377 1127 2401 om.
1152 2365 1300 2411 Dpra.
1398 2369 1438 2400 11
1468 2375 1493 2400 a

31 2410 37 2421 ²
96 2411 217 2448 nimia
236 2411 302 2458 K„
321 2412 462 2448 animi·
486 2413 546 2458 M,
566 2412 684 2448 animi
707 2412 862 2459 Dpra,
883 2412 977 2449 anili
998 2414 1110 2450 Casa
1111 2414 1208 2450 bon.
1310 2416 1355 2449 82
1376 2425 1491 2460 quam

99 2460 282 2506 MDea,
308 2471 407 2507 quae
429 2473 499 2508 pr.

169 2536 312 2563 ramus
331 2535 449 2563 uncos
466 2539 523 2563 an.
542 2536 624 2563 Κυκ
602 2539 674 2563 κω,
654 2540 710 2563 m.
1226 2538 1271 2571 10
