1716 2742
173 154 265 200 246
787 150 825 188 0.
853 150 992 187 PLINI

125 281 146 313 5
173 266 440 312 verecundia
473 267 640 323 quanta
673 265 818 324 gloria
851 280 907 309 ex
938 265 1071 309 facto.
1123 263 1227 323 Ipse
1255 281 1355 310 sum
1381 265 1510 311 testis
1543 266 1606 310 fa—

175 330 409 375 miliariter
452 328 506 372 ab
551 343 603 372 eo
649 327 838 372 dilectus
881 327 1187 385 probatusque
1234 329 1373 373 semel
1419 328 1604 373 omnino

174 409 246 437 me
285 392 491 436 audiente
530 392 814 448 provectum,
853 393 906 434 ut
942 390 996 434 de
1034 390 1167 435 rebus
1207 391 1300 436 suis
1338 391 1426 436 1100
1464 407 1606 436 unum

172 455 376 511 referret,
407 453 471 497 ita
504 468 655 498 secum
688 452 931 510 aliquando
966 451 1175 497 Cluvium
1206 453 1429 498 locutum:
1473 452 1607 511 ε8013,

174 517 379 576 Vergini,
414 531 528 573 quae
553 515 769 560 historiae
795 515 906 560 fides
933 515 1165 573 debeatur3
1197 515 1406 574 proinde,
1438 517 1478 561 si
1497 517 1607 574 quid
1635 530 1651 558 5

173 581 221 624 in
246 579 448 623 historiis
481 578 592 622 meis
619 578 733 637 legis
760 578 910 635 aliter,
943 593 995 623 ac
1027 579 1187 636 velles,
1217 593 1330 638 rogo
1363 579 1607 638 ignoscas.'

173 642 245 686 Ad
284 643 372 686 hoc
413 641 508 685 ille:
555 640 704 685 ‘Tune
746 641 947 700 ignoras,
991 639 1138 698 Cluvi,
1181 641 1282 686 ideo
1327 657 1397 686 me
1435 641 1606 699 fecisse,

174 704 295 763 quod
326 703 433 761 feci,
465 709 516 748 ut
549 706 666 748 esset
690 703 882 748 liberum
909 703 1039 747 vobis
1067 704 1280 762 scribere,
1313 719 1427 762 quae
1452 703 1608 749 libuis-

124 779 145 812 6
173 767 291 812 set‘?'
355 765 455 825 Age
489 766 615 824 dum,
647 767 769 811 hunc
801 767 951 824 ipsum
985 764 1256 811 Frontinum
1288 767 1337 811 in
1372 767 1460 812 1100
1492 766 1608 825 ipso,

172 830 220 874 in
260 844 349 887 quo
388 829 473 873 tibi
512 829 691 887 parcior
729 829 907 873 videtur
945 831 990 873 et
1022 830 1237 887 pressior,
1281 844 1604 888 comparemus.
1634 845 1670 871 ιο

171 891 330 937 Vetuit
369 892 517 936 extrui
564 892 912 948 monimentum,
953 892 1030 936 sed
1065 891 1228 949 quibus
1268 892 1448 937 verbis?
1501 892 1608 936 ‘Im-

171 969 310 1013 pensa
342 954 609 999 monimenti
649 969 926 1012 supervacua
966 956 1052 1012 est3
1095 955 1313 999 memoria
1349 955 1497 1000 nostri
1530 955 1608 999 du-

171 1017 308 1074 rabit,
341 1017 379 1062 si
411 1017 506 1061 vita
538 1017 812 1062 meruimus?
879 1016 952 1061 An
983 1017 1233 1062 restrictius
1271 1018 1501 1062 arbitraris
1528 1033 1609 1076 per

173 1080 327 1124 orbem
360 1082 580 1124 terrarum
618 1080 860 1139 legendum
898 1080 1002 1124 dare
1043 1080 1303 1125 duraturam
1343 1081 1607 1125 memoriam

172 1158 300 1187 suam
322 1157 457 1200 quam
484 1158 575 1187 uno
603 1143 651 1186 in
670 1144 772 1187 1000
795 1143 970 1187 duobus
991 1143 1224 1188 versiculis
1253 1143 1450 1202 signare,
1484 1143 1607 1201 quod
1634 1156 1669 1185 15

125 1217 144 1249 7
172 1205 362 1250 feceris?
427 1205 710 1263 Quamquam
749 1221 843 1250 non
874 1205 1018 1250 habeo
1059 1205 1342 1264 propositum
1376 1206 1507 1251 iHum
1540 1221 1606 1250 re-

171 1268 495 1326 prehendendi,
530 1268 607 1312 sed
639 1268 762 1313 hunc
793 1268 969 1326 tuendi3
1003 1269 1130 1313 0111118
1161 1284 1276 1326 quae
1301 1271 1454 1326 potest
1487 1269 1607 1327 apud

173 1334 216 1375 te
249 1330 412 1375 iustior
444 1345 539 1375 esse
567 1330 767 1375 defensio
796 1346 931 1388 quam
959 1347 1011 1375 ex
1040 1332 1296 1376 conlatione
1323 1332 1439 1389 eius,
1471 1347 1607 1390 quem

123 1405 144 1437 8
171 1393 457 1451 praetulisti?
489 1393 590 1438 Meo
620 1393 800 1452 quidem
828 1393 994 1438 iudicio
1015 1396 1175 1438 neuter
1195 1394 1466 1452 culpandus,
1498 1409 1607 1452 quo-

171 1472 272 1500 rum
330 1459 519 1513 uterque
578 1457 634 1500 ad
692 1456 884 1515 gloriam
942 1457 1041 1514 pari
1099 1457 1364 1515 cupiditate,
1428 1456 1606 1502 diverso
1635 1470 1671 1497 20

172 1519 333 1563 itinere
381 1519 631 1575 contendit,
673 1520 805 1576 alter,
847 1519 955 1563 dum
1002 1519 1172 1577 expetit
1215 1519 1391 1564 debitos
1434 1520 1608 1577 titulos,

173 1581 305 1639 alter,
338 1582 443 1626 dum
477 1583 652 1626 mavult
684 1581 826 1626 videri
859 1583 1193 1640 contempsisse.
1260 1582 1384 1627 Vale·

845 1724 933 1763 XX.

513 1812 555 1846 C.
576 1812 782 1847 PLINIUS
810 1812 1073 1847 VENATORI
1102 1813 1198 1847 SUO
1228 1812 1267 1847 S.

126 1906 144 1938 1
268 1893 365 1938 Tua
391 1910 496 1938 vero
525 1895 718 1952 epistula
743 1898 870 1939 tanto
892 1894 1005 1939 mihi
1032 1895 1271 1940 iucundior
1297 1895 1404 1954 fuit,
1437 1898 1606 1954 quanto
1634 1908 1670 1936 25

173 1956 355 2015 longior
388 1959 499 2014 erat,
542 1958 804 2015 praesertim
839 1973 941 2002 cum
975 1957 1030 2001 de
1068 1957 1236 2002 libellis
1269 1958 1380 2003 meis
1414 1960 1512 2003 tota
1542 1958 1608 2002 lo-

176 2021 403 2076 queretur3
438 2034 550 2076 quos
583 2020 668 2064 tibi
695 2021 918 2077 voluptati
946 2035 1041 2065 esse
1067 2036 1160 2065 non
1187 2021 1346 2079 miror,
1378 2036 1482 2066 cum
1515 2036 1607 2065 om-

125 2093 146 2125 2
174 2081 249 2125 nia
290 2083 446 2125 nostra
486 2082 670 2138 perinde
713 2098 764 2127 ac
805 2098 889 2127 nos
932 2097 1065 2127 ames.
1130 2083 1232 2141 Ipse
1275 2099 1378 2128 cum
1411 2084 1607 2128 maxime

175 2143 422 2188 vindemias
475 2145 662 2203 graciles
717 2146 917 2203 quidem,
968 2146 1196 2191 uberiores
1248 2148 1418 2204 tamen,
1471 2161 1606 2203 quam

176 2208 534 2264 expectaveram,
580 2207 766 2266 colligo,
808 2209 847 2252 si
887 2208 1098 2267 colligere
1132 2211 1201 2253 est
1232 2223 1326 2253 non
1356 2223 1606 2266 numquam
1633 2222 1670 2249 30

176 2268 410 2325 decerpere
443 2285 597 2327 uvam,
635 2271 861 2314 torculum
895 2271 1107 2328 invisere,
1145 2271 1384 2330 degustare
1417 2270 1471 2315 de
1503 2271 1606 2316 lacu
1714 2275 1716 2278 '

175 2333 393 2388 mustum,
428 2331 641 2388 obrepere
674 2333 876 2390 urbanis,
914 2334 992 2390 qui
1024 2348 1146 2378 nunc
1178 2333 1357 2378 rusticis
1390 2337 1606 2391 praesunt

176 2408 334 2450 meque
366 2394 554 2438 notariis
588 2398 633 2438 et
663 2395 908 2439 lectoribus
941 2396 1232 2453 reliquerunt.
1297 2395 1421 2441 Vale.

277 2533 298 2566 6
324 2528 421 2566 velis
450 2530 510 2576 M,
539 2530 605 2575 K.,
634 2530 768 2576 Meron,
794 2530 912 2568 velles
939 2531 981 2567 D
987 2542 1102 2578 pra,
1131 2532 1267 2569 Muell.
