1716 2742
211 151 304 196 234
822 146 862 183 0.
889 129 1055 183 PLINI'

211 263 363 320 tubas,
409 262 635 318 sudorem,
681 262 933 318 pulverem,
978 262 1095 305 soles
1142 261 1404 320 cogitamus.
1477 260 1643 326 Habes,

212 329 262 369 ut
294 327 427 383 puto,
459 324 624 368 iustam
659 324 1013 380 excusationem,
1046 338 1182 381 quam
1214 326 1367 368 tamen
1399 310 1558 367 dubito
1585 338 1644 366 an

211 389 295 432 tibi
333 387 514 445 probari
558 386 706 430 velim
781 385 867 430 Est
906 386 1025 430 enim
1065 386 1229 431 summi
1274 386 1440 431 amoris
1479 400 1643 456 negare

211 450 387 494 veniam
441 449 651 493 brevibus
703 448 911 506 epistulis
965 449 1231 506 amicorum,
1278 449 1482 506 quamvis
1529 448 1642 493 scias

212 513 301 556 illis
337 514 540 556 constare
572 512 806 555 rationem.
872 510 998 555 Vale.

889 652 966 692 ΙΙΙ.

569 741 612 775 C.
633 718 840 776 PLINIUS
867 741 1093 776 PAULINO
1124 741 1220 775 SUO
1249 741 1288 775 S.

305 823 436 869 Alius
470 824 611 868 aliud:
646 839 729 883 ego
766 824 1075 868 beatissimum
1116 824 1345 881 existimo,
1384 825 1463 882 qui
1502 824 1646 868 bonae

212 902 537 945 mansuraeque
582 887 729 931 famae
774 887 1141 945 praesumptione
1187 887 1436 945 perfruitur
1481 889 1647 932 certus-

214 965 297 1006 que
331 950 609 1008 posteritatis
644 965 746 994 oum
778 950 932 994 futura
965 950 1110 1009 gloria
1136 950 1260 994 vivit.
1325 948 1396 994 Ac
1421 949 1532 994 mihi
1559 950 1648 994 nisi

212 1013 461 1070 praemium
495 1013 771 1057 aeternitatis
805 1015 908 1057 ante
943 1013 1117 1070 0011108,
1149 1013 1318 1072 pingue
1345 1012 1459 1056 illud
1486 1013 1648 1056 altum—

214 1091 299 1132 que
342 1075 484 1119 otium
523 1076 710 1134 placeat.
776 1075 959 1119 Etenim
1003 1090 1158 1119 omnes
1205 1075 1411 1120 homines
1455 1074 1648 1119 arbitror

213 1141 420 1196 oportere
473 1141 549 1182 aut
602 1138 971 1182 inmortalitatem
1027 1153 1153 1182 suam
1200 1140 1277 1182 aut
1323 1138 1647 1182 mortalitatem

213 1201 429 1259 cogitare,
477 1203 521 1244 et
560 1201 663 1245 illos
705 1201 886 1258 quidem
920 1200 1205 1258 contendere,
1247 1201 1375 1259 eniti,
1408 1201 1492 1245 hos
1526 1199 1647 1258 quie-

212 1279 353 1321 scere,
385 1263 556 1308 remitti
588 1278 671 1308 1100
703 1264 884 1308 brevem
916 1263 1057 1308 vitam
1092 1263 1271 1308 caducis
1309 1263 1543 1308 laboribus
1585 1263 1648 1307 fa-

212 1327 376 1386 tigare,
408 1329 459 1370 ut
492 1326 622 1371 video
656 1327 823 1370 multos
864 1327 1028 1370 misera
1067 1326 1202 1370 simul
1241 1329 1286 1370 et
1323 1326 1502 1385 ingrata
1540 1326 1649 1370 ima-

214 1389 317 1448 gine
350 1389 596 1433 industriae
630 1389 686 1432 ad
720 1389 940 1433 vilitatem
973 1389 1043 1433 sui
1082 1389 1328 1447 pervenire.
1399 1386 1525 1433 Haec
1564 1403 1647 1448 ego

212 1455 381 1509 tecum,
425 1467 538 1509 quae
582 1451 747 1496 cotidie
790 1467 984 1510 mecum,
1031 1454 1083 1495 ut
1126 1451 1326 1496 desinam
1372 1466 1567 1510 mecum,
1611 1452 1650 1496 si

214 1514 448 1559 dissenties
481 1517 555 1572 111,
583 1530 856 1572 quamquam
882 1529 975 1559 non
1002 1514 1259 1572 dissenties,
1291 1517 1343 1558 ut
1370 1514 1448 1573 qui
1475 1528 1651 1572 semper

214 1578 384 1621 clarum
418 1577 588 1634 aliquid
623 1580 667 1622 et
701 1578 938 1622 inmortale
972 1577 1198 1622 meditere.
1265 1576 1390 1622 Vale.

898 1721 970 1761 IV.

574 1809 616 1843 C.
638 1810 844 1844 PLINIUS
872 1810 1104 1845 MACRINO
1133 1811 1229 1845 SUO
1259 1811 1297 1846 S.

311 1890 518 1948 Vererer,
560 1908 616 1936 ne
659 1892 931 1937 inmodicam
975 1893 1225 1939 orationem
1269 1896 1482 1965 putares,
1514 1910 1649 1952 quam

1687 967 1716 995 1(

1675 1280 1711 1307 15

1677 1593 1714 1621 20

216 1968 318 1997 cum
351 1953 437 1997 hac
461 1955 663 2024 epistula
704 1956 917 2013 accipies,
949 1956 1038 2000 nisi
1072 1959 1188 2001 esset
1229 1957 1404 2016 generis
1445 1956 1558 2015 eius,
1598 1960 1650 2002 ut
1714 2004 1716 2006 ,

218 2030 348 2073 saepe
382 2016 597 2074 incipere,
630 2033 761 2075 saepe
796 2018 996 2063 desinere
1029 2019 1244 2063 videatur
1309 2019 1428 2064 Nam
1458 2020 1649 2079 singulis

218 2078 480 2122 criminibus
515 2079 718 2139 singulae
751 2082 876 2125 velut
909 2096 1069 2126 causae
1109 2082 1408 2126 continentur
1474 2081 1648 2127 Poteris

216 2155 342 2199 ergo,
376 2141 687 2199 undecumque
722 2144 942 2201 coeperis,
980 2144 1254 2202 ubicumque
1294 2144 1497 2201 desieris,
1536 2159 1649 2215 quae
1680 2147 1684 2150 ’
1712 2147 1716 2174 ·’

217 2202 426 2261 deinceps
461 2208 723 2262 sequentur,
750 2209 794 2250 et
828 2207 954 2264 quasi
985 2207 1248 2265 incipientia
1273 2206 1422 2268 legere
1449 2209 1495 2252 et
1521 2208 1649 2265 quasi
1710 2226 1716 2270 ς

1675 2317 1716 2466 ης

217 2265 502 2310 cohaerentia
548 2283 707 2325 meque
750 2269 798 2312 in
840 2269 1132 2314 universitate
1174 2270 1510 2329 longissimum,
1554 2270 1649 2315 bre-

217 2328 450 2372 vissimum
477 2329 524 2373 in
556 2331 759 2387 partibus
794 2331 1001 2376 iudicare.
1068 2330 1191 2376 Vale.

318 2479 340 2512 8
368 2476 477 2512 aliud
505 2478 556 2513 M
564 2478 605 2514 D
614 2490 684 2524 pr,
713 2479 779 2524 K,
807 2478 929 2515 alium
956 2492 993 2526 a,
1022 2480 1157 2517 Muell.
1295 2482 1342 2516 20
1368 2479 1559 2518 meditere
1588 2482 1648 2528 M,

218 2526 410 2563 meditare
437 2539 473 2571 a,
501 2528 704 2564 mediteris
730 2541 760 2566 r.

1677 2033 1716 2081 2⁵2

1711 2190 1716 2219 1

1708 2467 1716 2531 i
