1716 2742
492 99 851 139 PANEGYRIous
879 105 939 148 92,
954 113 971 139 ³
986 125 1031 130 -
1049 105 1109 147 95,
1125 113 1152 139 1.
1431 104 1522 151 403

94 215 237 262 toline
268 214 491 274 Iuppiter,
523 231 702 274 precor,
733 219 785 261 ut
816 216 1046 262 beneficiis
1073 216 1163 262 tuis
1190 218 1340 262 faveas
1366 218 1523 262 tantis-

94 293 183 338 que
201 279 463 324 muneribus
484 279 620 324 addas
640 280 1000 338 perpetuitatem.
1047 279 1247 338 Audisti,
1269 296 1383 339 quae
1403 281 1521 325 malo

92 341 290 400 principi
336 342 649 401 precabamur,
704 343 884 401 exaudi,
934 359 1047 402 quae
1089 359 1172 402 pro
1219 343 1521 388 dissimillimo

33 448 36 451 .
92 406 313 464 optamus.
377 404 485 450 Non
510 408 555 450 te
582 405 892 465 distringimus
918 407 1056 465 votis3
1087 422 1181 451 non
1207 407 1326 451 enim
1353 421 1523 465 pacem,

2 485 13 501 ·
46 480 66 510 ⁶
89 482 185 513 non
217 467 522 526 concordiam,
567 483 661 513 non
700 469 1006 527 securitatem,
1046 485 1139 514 non
1181 485 1288 528 opes
1329 485 1520 528 oramus,

88 545 183 576 non
214 530 428 576 honores:
470 530 663 589 simplex
702 534 951 590 cunctaque
990 533 1077 577 ista
1109 533 1395 591 complexum
1429 548 1521 577 om-

52 621 55 624 ,
87 593 216 639 nium
242 596 400 638 votum
427 596 514 652 est,
546 594 667 638 salus
694 594 924 653 principis.
987 594 1085 640 Nec
1111 610 1217 640 vero
1244 611 1408 640 novam
1435 595 1518 640 tibi

87 656 367 717 iniungimus
394 671 559 702 curam.
606 656 676 701 Tu
702 658 822 701 em'm
849 658 937 702 iam
965 660 1075 703 tunc
1100 658 1230 703 illum
1256 659 1300 702 in
1330 659 1518 703 tutelam

86 720 317 778 recepisti,
355 734 459 764 cum
497 719 736 778 praedonis
777 721 1025 765 avidissimi
1055 721 1260 766 faucibus
1295 721 1519 780 eripuisti,

25 800 62 828 ιο
86 797 234 841 neque
272 782 393 828 enim
433 783 528 827 sine
567 782 735 827 auxilio
776 786 875 839 tuo,
922 798 1022 828 cum
1064 784 1283 829 altissima
1316 799 1517 843 quaeque

87 848 392 904 quaterentur,
409 845 499 903 hic,
525 845 603 903 qui
624 846 832 890 omnibus
860 847 1077 891 excelsior
1096 849 1205 905 erat,
1223 847 1516 892 inconcussus

85 908 230 954 stetit:
262 908 531 967 praeteritus
558 910 626 953 est
652 924 678 952 a
704 909 900 967 pessimo
927 910 1148 968 principe,
1183 910 1262 968 qui
1284 910 1517 967 praeteriri

84 971 141 1017 ab
175 971 349 1031 optimo
381 987 476 1016 non
507 974 696 1028 poterat.
762 971 830 1016 Tu
858 973 979 1017 clara
1005 972 1161 1018 iudicii
1185 973 1254 1017 tui
1281 973 1410 1032 signa
1436 973 1515 1018 mi-

84 1034 205 1093 sisti,
245 1049 349 1080 cum
382 1034 689 1093 proficiscenti
722 1035 777 1079 ad
811 1035 1055 1080 exercitum
1088 1039 1168 1080 tuo
1201 1036 1401 1093 nomine,
1433 1038 1513 1081 tuo

20 1115 56 1144 ιε
82 1097 255 1143 honore
281 1097 468 1143 cessisti.
514 1097 584 1142 Tu
610 1112 720 1142 voce
746 1097 1048 1156 imperatoris,
1083 1098 1192 1156 quid
1212 1099 1419 1156 sentires,
1450 1099 1514 1144 lo-

82 1163 213 1206 cutus
246 1160 392 1206 filium
426 1160 507 1218 illi,
539 1160 670 1204 nobis
698 1164 941 1218 parentem,
972 1161 1059 1206 tibi
1084 1162 1347 1219 pontificem
1374 1162 1513 1206 maxi-

81 1239 207 1269 mum
248 1223 438 1283 elegisti.
504 1221 604 1277 Quo
649 1223 816 1268 maiore
859 1224 1024 1269 fiducia
1065 1225 1206 1269 isdem
1250 1225 1339 1269 illis
1382 1225 1513 1282 votis,

81 1302 196 1345 quae
229 1286 325 1345 ipse
358 1302 441 1345 pro
475 1302 522 1331 se
554 1287 806 1344 nuncupari
839 1287 984 1344 iubet,
1024 1303 1103 1332 oro
1137 1290 1182 1332 et
1215 1288 1434 1345 obtestor,
1475 1288 1513 1332 si

79 1349 194 1395 bene
244 1365 339 1394 rem
391 1349 639 1408 publicam,
693 1349 731 1394 si
783 1365 838 1394 ex
889 1351 1086 1395 utilitate
1134 1350 1337 1395 omnium
1382 1350 1513 1410 regit,

15 1429 54 1458 πο
77 1413 276 1472 primum
321 1414 374 1457 ut
417 1412 548 1457 illum
594 1412 834 1470 nepotibus
880 1413 1047 1458 nostris
1094 1428 1145 1458 ac
1183 1413 1510 1472 pronepotibus

79 1490 248 1534 serves,
291 1475 451 1520 deinde
489 1478 541 1520 ut
581 1476 850 1534 quandoque
898 1491 1201 1521 successorem
1244 1476 1283 1520 ei
1326 1475 1510 1534 tribuas,

78 1554 213 1598 quem
252 1539 477 1599 genuerit,
528 1553 662 1596 quem
711 1538 974 1583 formaverit
1024 1539 1306 1596 similemque
1354 1538 1511 1584 fecerit

0 1647 2 1651 ,
41 1655 43 1658 .
76 1602 306 1661 adoptato,
353 1604 448 1658 aut,
495 1602 534 1645 si
578 1601 665 1646 hoc
717 1602 810 1646 fato
857 1604 1065 1661 negatur,
1117 1602 1165 1646 in
1211 1602 1401 1647 consilio
1448 1602 1508 1647 sis

76 1665 263 1725 eligenti
294 1667 606 1722 monstresque
639 1665 854 1723 aliquem,
894 1681 1027 1723 quem
1061 1664 1267 1723 adoptari
1299 1665 1347 1708 in
1381 1663 1509 1723 Capi-

11 1743 48 1773 2⁶
74 1728 188 1774 tolio
228 1728 394 1774 deceat.

169 1790 331 1850 Vobis,
363 1793 514 1849 patres
542 1790 805 1848 conscripti,
835 1793 1054 1849 quantum
1082 1790 1285 1849 debeam,
1312 1789 1506 1848 publicis
1521 1787 1582 1838 95

74 1853 209 1899 etiam
243 1853 531 1899 monimentis
574 1853 840 1898 continetur.
906 1853 1001 1898 Vos
1041 1853 1156 1898 mihi
1188 1853 1237 1897 in
1274 1853 1508 1898 tribunatu

74 1917 261 1976 quictis,
287 1917 337 1961 in
356 1919 566 1975 praetura
587 1916 851 1975 modestiae,
880 1932 960 1962 vos
982 1917 1029 1960 in
1050 1916 1149 1961 istis
1171 1917 1307 1961 etiam
1329 1916 1505 1975 officiis,

73 1996 188 2040 quae
213 1996 237 2025 e
265 1979 424 2026 studiis
454 1980 621 2025 nostris
652 1979 771 2025 circa
799 1979 990 2025 tuendos
1022 1979 1166 2024 socios
1198 1979 1507 2038 iniunxeratiS,

171 2146 194 2178 2
220 2141 326 2179 malo
353 2142 526 2189 principi
553 2142 635 2179 edd.
664 2145 758 2187 ant„
787 2141 839 2178 K.
855 2142 891 2187 Ι,
911 2141 1069 2187 ΒαεῙιν.,
1091 2141 1242 2186 ΜαεΖΖ.,
1271 2140 1376 2178 malo
1396 2142 1503 2188 prin-

70 2192 158 2240 cipe
186 2194 247 2238 M,
280 2204 352 2240 pro
379 2205 431 2228 m.
451 2191 632 2239 principe
659 2204 704 2238 w,
732 2171 785 2228 K.
800 2192 860 2229 ΙΙ.
1015 2195 1035 2227 7
1063 2202 1200 2228 novam
1226 2220 1233 2227 .
1257 2220 1266 2228 .
1290 2203 1424 2228 curam
1450 2194 1503 2238 A,

72 2242 200 2290 Gusp„
218 2242 377 2291 Gieriq„
391 2243 542 2287 Muell,
557 2253 700 2279 novam
715 2243 776 2287 Μ,
790 2253 892 2278 nova
906 2242 1006 2290 vulq.
1087 2244 1133 2278 13
1147 2242 1304 2288 poterat
1320 2254 1354 2288 ς,
1376 2242 1429 2279 K.
1442 2243 1504 2290 ΙΙ,

70 2293 226 2340 Baehr„
255 2271 406 2338 Muel’l„
431 2292 579 2339 poterit
606 2293 661 2329 B'
672 2293 724 2328 Μ
734 2271 814 2337 Μ’,
839 2292 972 2339 potuit
991 2292 1106 2340 vuly„
1127 2292 1180 2328 Κ.
1196 2292 1230 2328 Ι.
1319 2296 1367 2328 24
1393 2304 1500 2330 mon-

70 2344 169 2380 stres
185 2342 251 2381 Μ’
264 2343 307 2389 0,
328 2343 438 2380 Keili
452 2344 489 2379 A
504 2343 542 2388 d,
563 2343 615 2380 K.
630 2343 664 2380 Ι.
755 2346 802 2379 28
825 2342 946 2379 etiam
967 2341 1032 2379 off
1047 2354 1147 2388 quae
1168 2342 1219 2387 A,
1240 2341 1303 2378 off.
1320 2342 1441 2379 etiam
1463 2356 1500 2392 q.

69 2393 186 2442 moly„
211 2393 278 2432 off.
299 2404 400 2441 quae
428 2393 550 2430 etiam
572 2394 625 2431 Μ
629 2393 651 2429 ’.
743 2395 790 2429 29
818 2404 839 2430 e
860 2392 964 2429 stud.
986 2393 1038 2429 K.
1060 2392 1185 2441 (Keili
1204 2392 1308 2430 codd.
1330 2393 1389 2431 vel
1409 2404 1430 2431 e
1451 2396 1498 2431 st.

68 2456 102 2482 v.
124 2444 165 2481 et
188 2445 235 2481 st.
256 2457 290 2482 v.
313 2445 353 2481 et
373 2444 476 2480 enim
499 2445 575 2492 st),
603 2444 642 2479 et
663 2455 684 2480 e
705 2442 807 2479 stud.
823 2443 934 2489 ΑΜ,
955 2443 1179 2490 Borneeque
1197 2454 1240 2489 p.
1261 2445 1339 2481 226
1358 2448 1394 2481 et
1411 2446 1500 2491 233,

69 2495 109 2532 et
130 2493 231 2531 stud.
255 2496 308 2532 M
314 2494 335 2541 ',
364 2506 411 2531 ex
432 2493 535 2531 stud.
557 2494 714 2539 Baehr„
735 2493 876 2530 studiis
898 2493 1054 2540 Madv.,
1084 2492 1219 2531 Muell.

1199 2568 1270 2605 26*
