1630 2678
120 104 205 150 135
709 95 747 133 C.
775 95 908 132 PLINI

116 213 403 258 Nominatum
445 210 578 253 fuisse
619 208 856 262 facturum,
901 206 938 250 si
979 218 1156 249 causam
1199 203 1506 250 Vicetinorum

118 275 267 319 eodem
300 273 463 326 animo,
501 285 587 327 quo
622 273 884 325 susceperat,
915 266 1191 324 pertulisset3
1223 267 1328 324 quia
1357 268 1508 310 tamen

118 336 164 379 in
204 335 287 377 hoc
333 346 468 391 genus
510 332 663 387 culpae
706 345 796 373 non
843 328 996 372 fraude
1037 324 1266 371 incidisset
1304 326 1507 385 nihilque

118 396 296 453 dignum
338 391 710 436 animadversione
749 390 976 433 admisisse
1008 388 1355 445 convinceretur,
1399 387 1507 432 libe-

118 456 318 510 randum,
371 454 431 497 ita
474 455 524 496 ut
567 451 799 507 Vicetinis,
843 450 960 507 quod
1005 450 1252 507 acceperat,
1294 449 1505 494 redderet.

71 529 93 562 ὁ
120 516 414 560 Adsenserunt
446 528 596 557 omnes
628 515 799 568 praeter
825 511 1026 555 Flavium
1051 509 1236 567 Aprum.
1298 508 1343 555 Is
1374 510 1507 555 inter-

118 576 343 620 dicendum
386 575 423 618 ei
466 573 823 618 advocationibus
866 573 912 615 in
954 571 1303 628 quinquennium
1336 571 1508 616 censuit

118 641 172 694 et,
205 636 400 693 quamvis
432 636 651 679 neminem
690 634 951 678 auctoritate
992 633 1216 689 traxisset,
1255 634 1509 676 constanter

118 699 162 741 in
194 697 407 741 sententia
439 697 618 752 mansit3
650 696 756 752 quin
789 695 920 738 etiam
953 693 1190 749 Dextrum,
1228 693 1306 750 qui
1337 693 1506 750 primus

117 759 334 802 diversum
377 760 621 813 censuerat,
661 757 833 813 prolata
873 757 969 813 lege
1011 755 1065 798 de
1107 757 1262 798 senatu
1302 754 1507 798 habendo

70 833 91 864 6
118 821 258 862 iurare
290 819 435 876 coegit
466 834 488 861 e
520 833 566 861 re
598 818 775 874 publica
807 831 920 872 esse,
958 815 1076 873 quod
1110 815 1361 860 censuisset.
1426 813 1508 859 Oui

117 895 381 937 quamquam
413 879 635 937 legitimae
674 878 963 935 postulationi
1002 893 1028 920 a
1066 876 1331 933 quibusdam
1374 877 1522 920 recla-.

117 943 283 984 matum
334 943 410 983 est.
474 939 751 997 Exprobrare
804 939 920 982 enim
972 938 1169 982 censenti
1221 937 1508 982 ambitionem

116 1002 353 1045 videbatur.
436 999 544 1056 Sed,
600 1001 721 1058 prius
773 1015 903 1056 quam
957 999 1198 1042 sententiae
1249 998 1509 1055 dicerentur,

115 1062 340 1120 Nigrinus,
372 1062 573 1105 tribunus
615 1061 773 1118 plebis,
813 1061 1012 1104 recitavit
1051 1060 1253 1104 libellum
1295 1060 1508 1104 disertum

117 1126 162 1166 et
192 1138 382 1181 gravem,
414 1138 500 1179 quo
534 1125 713 1179 questus
741 1125 806 1165 est
831 1122 978 1165 venire
1004 1121 1328 1178 advocationes,
1358 1121 1508 1165 venire

118 1183 247 1227 etiam
279 1184 688 1240 praevaricationes,
730 1183 776 1226 in
817 1184 917 1226 lites
951 1183 1079 1239 coiri,
1127 1185 1172 1225 et
1208 1182 1377 1240 gloriae
1407 1183 1508 1226 loco

73 1257 92 1289 7
117 1245 223 1301 poni
255 1260 307 1287 ex
339 1245 492 1301 spoliis
525 1245 685 1288 civium
718 1259 902 1302 magnos
935 1247 978 1287 et
1011 1246 1149 1288 statos
1181 1243 1361 1287 reditus.
1424 1242 1508 1287 Re-

119 1306 270 1349 citavit
310 1306 454 1362 capita
493 1306 664 1363 legum,
705 1306 933 1349 admonuit
974 1307 1150 1349 senatus
1193 1305 1510 1360 consultorum,

118 1367 165 1409 in
201 1366 287 1409 fine
327 1366 437 1409 dixit
473 1367 709 1422 petendum
748 1367 802 1409 ab
842 1366 1009 1423 optimo
1043 1366 1260 1423 principe,
1300 1367 1372 1422 ut,
1404 1365 1525 1422 quia,

120 1427 250 1484 leges,
284 1427 386 1482 quia
417 1430 592 1470 senatus
626 1428 826 1471 consulta
859 1429 1255 1483 contemnerentur,
1285 1427 1382 1484 ipse
1412 1429 1510 1470 tan-

73 1499 95 1532 8
120 1488 177 1530 tis
220 1487 338 1530 vitiis
383 1488 636 1532 mederetur.
714 1488 849 1532 Pauci
894 1488 1005 1545 dies,
1050 1491 1094 1532 et
1137 1488 1250 1532 liber
1293 1487 1508 1545 principis

121 1562 292 1591 severus
320 1551 363 1591 et
387 1552 532 1592 tamen
558 1549 824 1593 moderatus:
856 1550 975 1608 leges
1002 1549 1167 1606 ipsum3
1199 1551 1268 1593 est
1292 1549 1340 1592 in
1364 1548 1510 1606 publi-

122 1609 183 1651 cis
229 1609 347 1652 actis.
423 1609 560 1661 Quam
605 1626 673 1654 me
717 1611 850 1665 iuvat,
897 1611 1013 1667 quod
1059 1611 1107 1654 in
1141 1610 1285 1654 causis
1326 1609 1508 1668 agendis

122 1683 211 1712 non
243 1670 371 1712 modo
398 1671 611 1727 pactione,
644 1672 772 1728 dono,
804 1687 994 1728 munere,
1026 1687 1179 1716 verum
1207 1671 1340 1715 etiam
1367 1669 1507 1715 xeniis

75 1742 96 1774 9
122 1744 291 1786 semper
310 1730 516 1773 abstinui!
549 1730 732 1788 Oportet
765 1732 953 1789 quidem,
986 1747 1097 1789 quae
1129 1735 1234 1776 sunt
1263 1732 1509 1787 inhonesta,

121 1805 211 1833 non
238 1791 360 1846 quasi
386 1791 566 1847 inlicita,
598 1793 672 1836 sed
699 1795 823 1850 quasi
848 1794 1051 1850 pudenda
1077 1794 1235 1850 vitare3
1265 1793 1507 1837 iucundum

122 1853 287 1906 tamen,
337 1853 374 1894 si
413 1853 634 1908 prohiberi
674 1855 847 1910 publice
888 1855 1055 1911 videas,
1106 1854 1224 1911 quod
1265 1869 1509 1912 numquam

51 1923 98 1957 10
122 1912 203 1954 tibi
242 1912 335 1968 ipse
374 1913 628 1968 permiseris.
692 1915 790 1958 Erit
826 1916 1029 1970 fortasse,
1074 1916 1209 1960 immo
1248 1931 1340 1960 non
1376 1914 1510 1959 dubie

121 1971 252 2015 huius
284 1974 499 2029 propositi
537 1975 622 2017 mei
660 1978 703 2018 et
735 1977 878 2019 minor
907 1977 1002 2019 laus
1042 1980 1086 2020 et
1118 1977 1348 2021 obscurior
1377 1976 1509 2032 fama,

124 2047 223 2076 cum
266 2048 416 2076 omnes
455 2049 508 2077 ex
545 2037 801 2079 necessitate
842 2038 1025 2093 facient,
1073 2038 1191 2094 quod
1229 2053 1312 2096 ego
1352 2040 1510 2095 sponte

122 2093 348 2137 faciebam.
410 2093 590 2138 Interim
627 2096 750 2140 fruor
786 2099 1029 2154 voluptate,
1068 2113 1168 2142 cum
1202 2099 1275 2142 alii
1291 2103 1294 2107 '
1310 2098 1509 2142 divinum

123 2169 210 2210 me,
251 2154 327 2197 alii
368 2156 474 2198 meis
514 2157 698 2213 rapinis,
748 2173 867 2201 meae
910 2160 1116 2203 avaritiae
1158 2174 1390 2204 occursum
1430 2173 1511 2217 per

121 2214 274 2257 ludum
307 2229 356 2258 ac
388 2217 532 2259 iocum
565 2217 779 2261 dictitant.
843 2219 962 2262 Vale.

220 2313 242 2345 6
267 2311 421 2355 praeter
439 2310 611 2347 Flavium
631 2313 776 2358 Aprum
796 2314 828 2349 is
849 2326 884 2358 a,
911 2315 1128 2352 Mommsen.
1147 2315 1226 2351 ind.
1244 2326 1285 2361 p.
1305 2318 1391 2360 411,
1412 2315 1509 2360 Otto,

122 2357 270 2402 Μυκη,
294 2370 350 2404 pr.
371 2359 531 2395 Fabium
552 2361 596 2397 A.
618 2361 650 2396 is
671 2362 730 2406 M,
751 2362 815 2406 K„
840 2375 895 2408 pr.
916 2363 1096 2400 lacrumis
1116 2364 1158 2400 D
1164 2376 1194 2410 p
1200 2391 1212 2409 ,
1236 2365 1511 2410 praeterquam

121 2406 301 2443 Lacerius
327 2407 524 2454 (Licinius)
550 2418 614 2445 rs.
