1716 2742
476 105 839 143 EPISTULARUM
864 105 957 143 VIII
983 109 1143 143 21—23.
1428 108 1519 152 229

86 221 175 265 1100
207 220 350 278 domi,
382 220 471 265 hoc
503 220 614 265 foris
622 254 635 278 ,
666 221 754 265 hoc
786 221 833 264 in
868 221 993 264 omni
1025 221 1143 264 vitae
1178 236 1339 280 genere
1371 223 1519 265 tenea-

86 298 207 341 mus,
229 285 282 328 ut
299 283 432 328 nobis
458 283 766 342 implacabiles
788 283 950 340 simus,
975 283 1224 327 exorabiles
1251 284 1350 328 istis
1372 284 1520 339 etiam,

87 346 166 404 qui
198 345 304 390 dare
335 346 514 390 veniam
546 346 636 391 nisi
668 346 756 390 sibi
788 346 1016 402 nesciunt,
1042 346 1396 403 mandemusque
1429 361 1519 389 me-

86 407 277 466 moriae,
309 408 431 467 quod
450 408 520 452 vir
539 408 805 453 mitissimus
827 411 872 452 et
892 408 950 452 ob
970 409 1059 452 1100
1085 423 1264 465 quoque
1284 409 1521 465 maximus,

43 486 60 514 5
86 469 305 527 Thrasea,
337 471 492 515 crebro
514 471 660 516 dicere
682 471 872 515 solebat:
907 469 1019 523 ‘Qui
1039 471 1151 514 vitia
1171 470 1287 528 odit,
1312 471 1519 515 homines

87 532 212 578 odit?
276 532 462 586 Quaeris
495 534 707 590 fortasse,
747 549 836 591 quo
871 536 1126 578 commotus
1159 533 1269 578 haec
1313 534 1518 578 scribam.

84 594 246 654 Nuper
286 596 470 654 quidam
511 622 574 627 —
617 596 694 640 sed
734 596 896 640 melius
937 611 1108 653 coram3
1152 611 1425 653 quamquam
1463 612 1520 640 ne

85 661 196 703 tunc
223 658 416 717 quidem.
470 658 641 703 Vereor
666 659 805 716 enim,
838 675 894 702 ne
921 659 987 716 id,
1014 658 1135 716 quod
1163 660 1388 729 improbo,
1417 674 1520 703 con-

87 722 268 779 sectari,
302 736 503 780 carpere,
536 722 700 766 referre
734 722 859 778 huic,
894 721 1015 779 quod
1043 736 1146 765 cum
1173 722 1367 765 maxime
1394 737 1521 779 prae-

23 799 60 827 ιο
86 783 302 842 cipimus,
321 787 554 855 repugnet.
589 784 802 842 Quisquis
824 757 912 842 il’le,
941 784 1301 855 qualiscumque,
1324 785 1521 841 sileatur,

87 861 222 904 quem
254 847 473 907 insignire
507 847 702 905 exempli
734 847 873 904 nihil,
905 862 998 891 non
1025 847 1243 906 insignire
1269 847 1520 891 humanita-

84 909 144 954 tis
176 909 425 968 plurimum
458 910 605 954 refert
672 909 796 954 Vale.

726 1027 880 1067 xm,
974 1010 1327 1103 Zeaesdsffaemuis
1361 1021 1514 1064 dolls

394 1115 436 1149 C.
458 1115 664 1150 PLINIUS
692 1115 1025 1150 MARCELLINO
1055 1116 1151 1150 SUO
1180 1117 1219 1150 S.

22 1213 59 1241 15
180 1195 345 1242 Omnia
364 1198 478 1242 mihi
498 1198 665 1256 studia,
700 1214 854 1244 omnes
876 1214 1024 1256 curas,
1059 1199 1211 1243 omnia
1231 1201 1523 1243 avocamenta

85 1261 270 1319 exemit,
310 1261 525 1319 excussit,
565 1262 732 1320 eripuit
771 1261 919 1319 dolor,
964 1277 1097 1320 quem
1141 1277 1196 1306 ex
1235 1264 1379 1306 morte
1418 1259 1522 1305 Iuni

84 1322 213 1368 Aviti
245 1323 564 1383 gravissimum
598 1325 709 1383 cepi.
762 1325 925 1368 Latum
961 1325 1139 1369 clavum
1172 1325 1220 1368 in
1253 1324 1388 1368 domo
1422 1340 1522 1368 mea

0 1421 9 1445 ·,
84 1386 311 1444 induerat,
351 1387 565 1446 suffragio
600 1403 700 1432 meo
735 1387 915 1432 adiutus
949 1388 997 1431 in
1029 1386 1234 1445 petendis
1272 1387 1521 1431 honoribus

83 1449 252 1507 fuerat,
289 1450 347 1494 ad
379 1450 466 1494 1100
499 1450 562 1494 ita
594 1466 666 1494 me
699 1450 935 1509 diligebat,
975 1450 1038 1493 ita
1071 1450 1326 1508 verebatur,
1365 1452 1418 1494 ut
1449 1465 1521 1494 me

21 1527 58 1554 ιο
83 1511 329 1557 formatore
355 1528 552 1571 morum,
586 1529 659 1557 me
687 1514 816 1571 quasi
843 1513 1060 1572 magistro
1088 1515 1304 1557 uteretur.
1350 1511 1521 1556 Rarum

0 1580 5 1598 ’
83 1574 173 1620 hoc
214 1575 263 1619 in
305 1575 666 1620 adulescentibus
710 1576 889 1620 nostris
954 1575 1075 1620 Nam
1120 1578 1286 1633 quotus
1330 1575 1521 1633 quisque

83 1638 157 1682 vel
189 1638 327 1682 aetati
359 1638 544 1682 alterius
577 1639 651 1683 vel
683 1638 943 1683 auctoritati
976 1641 1028 1682 ut
1060 1638 1210 1682 minor
1242 1637 1391 1682 cedit?
1424 1636 1522 1682 Sta-

83 1700 168 1745 tim
202 1701 404 1759 sapiunt,
444 1701 598 1745 statim
639 1702 788 1746 sciunt
828 1701 997 1758 omnia,
1037 1701 1264 1745 neminem
1297 1703 1522 1758 verentur,

83 1763 322 1808 imitantur
353 1764 580 1808 neminem
613 1767 749 1821 atque
783 1764 872 1821 ipsi
905 1764 992 1808 sibi
1025 1764 1232 1821 exempla
1265 1766 1381 1808 sunt.
1432 1762 1521 1807 Sed

13 1830 18 1866 1
83 1841 178 1870 non
197 1825 380 1883 Avitus,
414 1826 542 1870 cuius
568 1826 680 1871 haec
706 1826 949 1884 praecipua
973 1826 1229 1884 prudentia,
1258 1826 1380 1883 quod
1408 1825 1520 1870 alios

14 1889 18 1891 ⁴
83 1889 398 1947 prudentiores
419 1889 738 1947 arbitrabatur,
765 1888 876 1934 haec
895 1889 1139 1947 praecipua
1158 1889 1370 1946 eruditio,
1399 1889 1521 1946 quod

19 2043 22 2050 -
85 2014 140 2059 de
179 2014 343 2059 officiis
382 2014 500 2058 vitae
545 2015 825 2072 consulebat,
869 2030 1044 2073 semper
1086 2016 1151 2058 ita
1192 2014 1428 2059 recedebat
1469 2017 1521 2058 ut

186 2142 208 2174 5
235 2138 339 2175 hom.
369 2137 508 2187 <11011>
537 2138 622 2175 odit
649 2139 866 2177 Casaubon.
970 2143 990 2174 7
1018 2150 1145 2185 nuper
1171 2149 1242 2174 om.
1264 2150 1300 2174 a.
1405 2141 1426 2173 9
1455 2148 1520 2174 eos

19 2237 26 2241 ,
85 2189 230 2226 sectari
244 2199 404 2236 carpere
418 2187 500 2225 fere
515 2188 674 2236 (referre
689 2189 726 2235 a)
749 2189 883 2234 Mra,
904 2189 1104 2234 insectari,
1120 2200 1238 2234 carp.‚
1252 2188 1322 2224 ref.
1341 2187 1521 2233 Gronov„

8 2243 26 2274 .-'
85 2239 316 2285 consectari
344 2250 464 2286 carp„
491 2239 560 2275 ref.
584 2239 745 2284 Maell.,·
766 2251 970 2286 perperam
990 2240 1082 2276 olim
1107 2239 1253 2275 tentavi
1279 2249 1344 2274 eos
1365 2237 1520 2283 sectari,

0 2285 23 2337 ,ξπ
86 2291 313 2337 carpentem
340 2288 498 2335 referre,
531 2289 617 2326 vide
643 2290 671 2326 Ι
692 2292 759 2334 20,
787 2292 857 2334 18,-
884 2289 942 2326 VI
967 2293 1003 2335 4,
1030 2292 1075 2334 3;
1103 2289 1215 2325 VIII
1229 2291 1264 2333 9,
1293 2291 1337 2333 1;
1364 2291 1426 2333 14,
1451 2290 1521 2332 13,-

4 2337 26 2393 '53'
85 2339 156 2376 IX
177 2342 241 2385 20,
266 2342 315 2386 2,
335 2351 476 2387 paney.
498 2342 559 2384 53,
586 2342 633 2385 2·
659 2342 706 2385 3,
742 2339 790 2385 cf.
820 2340 955 2377 Kraut
980 2351 1022 2386 p.
1044 2318 1094 2376 40
1126 2339 1223 2376 Der
1249 2338 1429 2384 Infinitiv
1462 2339 1522 2375 als

11 2396 20 2442 1,
86 2388 272 2436 Subjekt'.
411 2393 457 2426 19
486 2369 702 2437 diligebat
711 2391 763 2427 M
770 2402 803 2436 r
828 2390 944 2438 vuly„
971 2389 1166 2426 dilexerat
1192 2401 1229 2434 a,
1257 2389 1394 2425 Muell.
1421 2389 1521 2425 male

12 2443 25 2482 J
86 2440 282 2486 conferens
317 2452 457 2489 paneq.
491 2442 553 2486 63,
589 2443 614 2477 8
653 2441 972 2487 contempserant
1021 2440 1155 2488 (Seyff.
1193 2439 1302 2476 Lael.
1338 2450 1376 2486 p.
1413 2441 1517 2479 221)

12 2523 22 2533 „
87 2493 134 2526 22
161 2491 294 2528 aetate
322 2501 356 2527 a.
377 2503 412 2527 v.
433 2490 673 2527 auctoritate
699 2499 768 2527 ςα.

1550 1212 1568 1244 1

1548 1337 1569 1369 2

1549 1525 1572 1557 3

30 1994 36 2001 2
85 1951 255 1996 discere
288 1951 478 1996 volebat.
547 1950 734 2009 Semper
760 1953 837 1996 ille
863 1955 943 1996 aut
969 1952 1023 1996 de
1054 1952 1215 1996 studiis
1243 1951 1415 2009 aliquid
1443 1954 1522 1995 aut
1547 1963 1571 1996 4
