1716 2742
491 113 855 151 EPISTULARUM
881 114 956 150 vn
983 118 1143 151 27—30.
1439 117 1529 162 ‘201

93 228 332 274 Tiburtina
377 229 497 273 intra
538 228 736 287 primum
782 228 979 286 lapidem
1026 228 1251 287 (proxime
1298 229 1529 288 adnotavi)

92 292 422 337 monimentum
468 291 687 336 Pallantis
734 292 799 335 ita
843 292 1131 349 inscriptum:
1167 292 1308 337 eHuic
1350 295 1531 336 senatus

92 354 152 399 ob
183 354 321 399 fidem
360 354 664 412 pietatemque
705 370 812 413 erga
850 357 1066 412 patronos
1107 357 1370 400 ornamenta
1407 371 1532 413 prae-

90 417 210 462 toria
241 416 439 461 decrevit
470 420 515 461 et
548 417 804 461 sestertium
838 417 1006 461 centies
1047 418 1365 477 quinquagies,
1404 418 1531 462 cuius

46 495 65 523 ⁵
89 479 263 524 honore
295 482 533 524 contentus
566 479 681 523 fuit?
743 479 970 536 Equidem
1001 495 1248 537 numquam
1276 496 1375 525 sum
1403 481 1533 525 mira-

91 545 188 600 tus,
219 557 335 600 quae
368 543 547 600 saepius
581 559 607 587 a
639 542 824 586 fortuna
857 558 991 600 quam
1027 559 1053 586 a
1086 543 1251 587 iudicio
1280 543 1533 601 proficisce-

91 607 268 663 rentur3
300 605 496 649 maxime
528 607 682 649 tamen
713 604 788 650 hic
821 621 893 649 me
926 606 1086 649 titulus
1115 605 1370 663 admonuit,
1396 621 1531 663 quam

92 670 243 713 essent
268 668 451 712 mimica
477 670 523 712 et
548 667 720 726 inepta,
748 683 862 725 quae
889 669 1115 713 interdum
1143 669 1191 712 in
1216 669 1304 713 hoc
1331 684 1532 725 caenum,

91 731 141 775 in
181 730 265 775 has
313 730 466 775 sordes
507 730 809 788 abicerentur,
844 746 958 788 quae
998 731 1192 789 denique
1231 732 1308 775 ille
1347 731 1533 776 furcifer

30 808 67 835 ιο
92 796 139 838 et
169 794 368 852 recipere
402 807 536 838 ausus
571 796 639 837 est
671 796 716 837 et
754 808 959 838 recusare
999 797 1134 851 atque
1173 794 1307 838 etiam
1347 798 1399 838 ut
1438 810 1532 839 mo-

91 856 336 901 deratioms
379 856 635 913 exemplum
683 857 875 914 posteris
918 857 1120 915 prodere
1189 856 1275 901 Sed
1320 857 1428 914 quid
1467 857 1531 901 in-

91 919 285 978 dignor?
349 918 514 963 Ridere
547 919 708 976 satius,
740 935 796 963 ne
830 934 876 963 se
904 935 1119 979 magnum
1147 919 1318 977 aliquid
1345 920 1531 978 adeptos

90 985 270 1040 putent,
299 982 378 1039 qui
402 981 493 1026 huc
512 981 730 1026 felicitate
750 983 1040 1040 perveniunt,
1060 986 1112 1026 ut
1130 982 1372 1027 rideantur.
1405 983 1530 1027 Vale.

745 1099 872 1139 XXX·
906 1095 1033 1149 zuslc
1055 1112 1184 1157 duzas

28 1197 64 1224 15
439 1187 481 1221 C.
505 1188 713 1222 PLINIUS
742 1188 991 1222 GENITORI
1020 1189 1117 1223 SUO
1147 1189 1185 1223 S.

184 1269 432 1328 Torqueor,
458 1270 579 1328 quod
608 1270 899 1328 discipulum,
926 1274 978 1315 ut
1005 1271 1181 1328 scribis,
1210 1272 1408 1330 optimae
1436 1272 1532 1330 spei

90 1332 302 1389 amisisti,
334 1334 463 1379 cujus
496 1336 541 1377 et
573 1333 831 1378 valetudine
865 1336 909 1378 et
948 1337 1093 1378 morte
1132 1334 1349 1392 impedita
1382 1334 1531 1379 studia

89 1399 169 1440 tua
208 1395 367 1454 quidni
407 1397 566 1454 sciam,
606 1411 708 1441 cum
748 1397 808 1441 sis
850 1397 1053 1441 omnium
1087 1397 1342 1441 officiorum
1381 1398 1531 1442 obser-

89 1458 401 1516 vantissimus,
434 1474 627 1516 cumque
670 1474 846 1517 omnes,
888 1474 1001 1517 quos
1041 1459 1226 1517 probas,
1266 1460 1531 1505 effusissime

26 1537 64 1564 20
89 1521 272 1581 diligas!
335 1521 409 1566 Me
441 1522 532 1567 huc
565 1537 746 1580 quoque
786 1523 957 1566 urbana
995 1523 1179 1581 negotia
1218 1526 1531 1581 persecuntur3

87 1599 182 1628 non
226 1583 389 1629 desunt
434 1585 572 1644 enim,
619 1586 698 1642 qui
744 1601 814 1629 me
860 1585 1054 1630 iudicem
1094 1588 1172 1629 aut
1210 1585 1428 1630 arbitrum
1467 1586 1530 1629 fa-

89 1647 222 1692 ciant.
274 1646 512 1692 Accedunt
539 1648 764 1705 querellae
790 1649 1082 1705 rusticorum,
1103 1648 1181 1705 qui
1208 1648 1391 1693 auribus
1418 1649 1530 1693 meis

88 1712 195 1768 post
237 1711 428 1770 longum
472 1714 652 1769 tempus
701 1726 781 1754 suo
828 1711 924 1755 iure
972 1711 1231 1755 abutuntur.
1296 1709 1444 1756 Instat
1486 1715 1531 1756 et

87 1773 333 1818 necessitas
366 1788 579 1832 agrorum
612 1773 907 1818 locandorum
939 1789 1157 1832 perquam
1182 1775 1391 1819 molesta:
1419 1775 1529 1819 adeo

0 1850 62 1893 {25
88 1851 241 1880 rarum
287 1839 355 1880 est
399 1836 602 1880 invenire
646 1836 831 1880 idoneos
878 1837 1187 1882 conductores.
1260 1836 1434 1890 Quibus
1475 1853 1530 1881 ex

0 1896 2 1898 ’
89 1897 235 1943 causis
277 1899 482 1956 precario
523 1898 701 1956 studeo,
742 1899 900 1944 studeo
940 1902 1112 1957 tamen3
1151 1915 1255 1944 nam
1297 1903 1342 1944 et
1382 1900 1528 1945 scribo

87 1960 259 2018 aliquid
292 1964 338 2006 et
362 1962 486 2021 lego,
520 1961 617 2018 sed,
645 1976 747 2006 cum
775 1962 897 2021 lego,
925 1978 980 2007 ex
1006 1963 1343 2020 comparatione
1371 1963 1530 2020 sentio,

89 2039 225 2081 quam
271 2024 388 2068 male
434 2024 646 2082 scribam,
694 2024 802 2069 licet
853 2028 904 2069 tu
953 2026 1064 2069 mihi
1110 2026 1281 2070 bonum
1328 2026 1528 2070 animum

86 2086 247 2144 facias,
290 2087 368 2144 qui
410 2087 589 2131 libellos
634 2102 758 2132 meos
798 2088 853 2132 de
894 2088 1066 2132 ultione
1109 2087 1294 2132 Helvidi
1334 2088 1528 2133 orationi

24 2163 63 2192 so
89 2149 409 2194 Demosthenis
444 2150 559 2194 κατὰ
592 2150 799 2195 Μειδίου
833 2151 1029 2209 confers3
1070 2166 1206 2208 quam
1253 2166 1377 2208 sane,
1423 2166 1527 2196 cum

18 2226 21 2227 ⁷
89 2227 407 2270 componerem
440 2213 571 2269 illos,
602 2213 743 2257 habui
774 2214 820 2257 in
856 2214 1084 2271 manibus,
1122 2230 1215 2259 non
1247 2217 1300 2258 ut
1333 2215 1528 2258 aemula-

0 2272 21 2357 t?
87 2291 161 2319 rer
203 2274 479 2335 (improbum
522 2275 640 2319 enim
674 2291 726 2321 ac
765 2292 906 2334 paene
955 2275 1217 2337 furiosum),
1261 2276 1338 2321 sed
1377 2280 1528 2321 tamen

0 2365 31 2556 ἓ
190 2403 211 2436 9
239 2399 281 2436 in
308 2400 397 2437 add.
420 2400 583 2447 Dpra,
612 2400 763 2446 Muell„
790 2412 860 2438 om.
883 2401 944 2446 M,
973 2402 1026 2438 K.
1157 2404 1203 2438 18
1231 2401 1327 2448 quid
1354 2402 1527 2439 nesciam

0 2478 5 2486 .
87 2450 131 2487 D
135 2461 245 2498 pra
349 2454 395 2487 21
424 2450 579 2487 faciunt
606 2451 725 2498 Dpr.
876 2455 922 2487 32
950 2451 1056 2488 furto
1085 2451 1212 2489 simile
1233 2463 1309 2499 pro
1336 2451 1527 2489 furiosum

14 2557 19 2562 ἱ
88 2501 228 2538 conice.
254 2512 474 2549 anonymus
499 2501 640 2538 Philol.
662 2502 822 2550 Anzeiq.
845 2501 964 2538 XIII
988 2505 1072 2539 559.

1559 867 1582 899 4

1560 1284 1579 1317 1

1560 1535 1579 1567 2

1558 1660 1579 1693 3

1557 1848 1580 1880 4
