1716 2742
209 116 303 162 254
823 116 863 154 c.
890 117 1029 154 PLINI

206 231 354 290 legere
381 230 610 274 voluisses.
675 230 738 274 Et
764 233 860 275 erat
886 247 1079 289 aequum
1105 235 1158 277 ut
1182 236 1227 278 te
1254 250 1354 279 mea
1380 234 1445 280 ita
1464 250 1535 280 me
1561 239 1641 281 tua

207 293 372 351 scripta
405 307 695 351 cognoscere,
721 294 897 338 etiamsi
930 295 986 338 ad
1020 295 1158 339 alium
1186 311 1321 354 quam
1355 297 1411 342 ad
1443 313 1516 343 me
1542 314 1639 357 per-

154 367 178 399 4
205 355 411 400 tinerent.
457 353 689 400 Polliceris
715 355 764 399 in
789 356 897 414 fine,
919 372 1022 402 cum
1050 358 1214 403 certius
1242 359 1296 404 de
1321 360 1441 405 vitae
1459 364 1640 406 nostrae

206 417 486 462 ordinatione
520 417 691 475 aliquid
724 419 937 477 audieris,
969 420 1173 465 futurum
1213 424 1258 466 te
1296 422 1541 482 fugitivum
1573 424 1638 468 rei

203 480 436 524 familiaris
471 480 714 538 statimque
747 481 803 525 ad
842 497 925 526 nos
965 483 1268 541 evolaturum,
1307 485 1385 542 qui
1423 485 1514 530 iam
1553 486 1638 530 tibi
1665 500 1682 527 5

203 542 439 600 compedes
465 543 707 600 nectimus,
734 559 844 601 quas
865 545 1143 604 perfringere
1169 547 1296 591 nullo
1324 547 1458 592 modo
1479 549 1638 607 possis.

153 617 174 649 5
202 604 354 648 Tertia
386 604 581 662 epistula
606 606 868 650 continebat
900 622 995 652 esse
1022 608 1108 652 tibi
1139 608 1361 653 redditam
1388 611 1638 656 orationem

201 682 283 724 pro
304 667 336 724 †
358 665 520 725 Clario,
539 683 727 726 eamque
747 669 890 714 visam
910 670 1176 728 uberiorem,
1198 686 1333 729 quam
1354 672 1530 718 dicente
1554 689 1640 731 me,

201 729 409 774 audiente
441 732 485 774 te
518 730 665 775 fuerit.
730 731 814 776 Est
846 733 1044 791 uberior3
1071 734 1216 778 multa
1242 734 1362 779 enim
1387 738 1548 794 postea
1573 736 1638 780 in-

200 792 330 836 serui.
382 791 538 838 Adicis
566 794 676 839 alias
702 796 748 838 te
773 795 947 840 litteras
975 796 1196 840 curiosius
1224 796 1413 855 scriptas
1441 798 1638 857 misisse3
1665 812 1702 840 ιο

197 870 257 898 an
289 855 556 914 acceperim,
591 857 780 914 quaeris.
845 857 952 903 Non
985 858 1137 916 accepi
1171 861 1216 903 et
1249 860 1451 918 accipere
1477 861 1635 920 gestio.

200 916 396 963 Proinde
422 918 570 976 prima
597 934 775 977 quaque
797 921 1032 966 occasione
1058 922 1189 966 mitte
1216 921 1435 980 adpositis
1457 923 1638 981 quidem

199 980 366 1038 usuris,
410 996 520 1039 quas
564 996 649 1040 ego
697 980 825 1042 (num
868 984 1047 1041 parcius
1091 982 1329 1045 possum‘?)
1370 986 1637 1032 centesimas

199 1044 483 1101 computabo.
549 1044 674 1089 Vale.

843 1125 992 1165 XXIX.
1666 1137 1700 1164 15

561 1199 604 1235 C.
625 1200 833 1236 PLINIUS
858 1201 1080 1238 RUSTIOO
1109 1202 1206 1238 SUO
1235 1202 1275 1240 S.

149 1281 167 1313 1
289 1268 354 1314 Ut
387 1270 527 1314 satius
562 1273 631 1315 est
666 1286 807 1315 unum
848 1271 1019 1329 aliquid
1047 1272 1287 1331 insigniter
1319 1273 1466 1318 facere
1500 1288 1635 1332 quam

194 1331 391 1388 plurima
429 1333 732 1391 mediocriter,
772 1334 836 1378 ita
875 1335 1071 1392 plurima
1113 1335 1416 1394 mediocriter,
1463 1336 1502 1382 si
1542 1352 1637 1382 non

195 1394 342 1451 possis
374 1411 513 1440 unum
543 1396 715 1454 aliquid
741 1396 990 1456 insigniter.
1019 1396 1149 1450 Quod
1176 1398 1355 1443 intuens
1386 1413 1471 1458 ego
1498 1400 1634 1445 variis

195 1472 266 1501 me
300 1457 553 1502 studiorum
587 1459 846 1518 generibus,
878 1459 993 1504 nulli
1027 1460 1135 1505 satis
1163 1461 1379 1519 confisus,
1414 1462 1630 1520 experior.
1661 1475 1700 1503 2⁰

145 1531 165 1563 2
195 1518 407 1578 Proinde,
442 1536 545 1566 cum
578 1521 666 1566 hoc
699 1522 771 1566 vel
804 1521 916 1566 illud
949 1523 1094 1582 leges,
1127 1523 1192 1567 ita
1233 1523 1424 1583 singulis
1456 1524 1634 1570 veniam

194 1585 246 1627 ut
277 1598 370 1627 non
403 1583 594 1643 singulis
644 1584 782 1629 dabis.
818 1584 892 1629 An
924 1585 1084 1630 ceteris
1118 1585 1289 1631 artibus
1323 1587 1553 1632 excusatio
1586 1588 1634 1632 in

194 1660 399 1703 numero,
432 1646 595 1691 litteris
623 1647 778 1691 durior
803 1648 898 1705 lex,
923 1647 971 1692 in
999 1648 1162 1705 quibus
1190 1648 1422 1694 difficilior
1447 1650 1632 1695 effectus

195 1707 292 1752 est?
325 1707 443 1761 Quid
476 1711 627 1754 autem
661 1725 745 1769 ego
780 1709 833 1754 de
866 1711 998 1754 venia
1032 1711 1161 1769 quasi
1202 1711 1439 1771 ingratus?
1500 1711 1634 1771 Nam,

195 1770 233 1814 si
266 1786 317 1814 ea
349 1771 564 1816 facilitate
598 1773 805 1831 proxima
837 1773 1062 1831 acceperis
1097 1788 1186 1832 qua
1218 1774 1382 1832 priora,
1414 1775 1513 1819 laus
1555 1791 1633 1833 po-
1659 1788 1716 1816 25·-

192 1832 283 1877 tius
318 1834 536 1891 speranda
570 1850 704 1893 quam
737 1835 869 1880 venia
895 1836 1171 1881 obsecranda
1197 1839 1276 1881 est.
1341 1836 1455 1882 Mihi
1481 1840 1634 1883 tamen
1669 1857 1675 1861 ·
1710 1845 1716 1895 j.

194 1895 365 1940 sufficit
397 1897 541 1941 venia.
608 1897 730 1943 Vale.
1208 1898 1221 1911 “

848 1978 975 2018 ΧΧΧ.

570 2052 612 2086 C.
634 2054 840 2088 PLINIUS
869 2054 1067 2090 GEMINO
1096 2054 1192 2090 SUO
1222 2054 1261 2090 S.

147 2133 164 2164 1
287 2120 463 2166 Laudas
504 2122 616 2166 mihi
664 2126 708 2167 et
757 2124 1017 2182 frequenter
1055 2139 1265 2182 praesens
1306 2127 1350 2169 et
1391 2139 1514 2170 nunc
1551 2141 1632 2183 per
1657 2140 1702 2167 30-

194 2182 409 2240 epistulas
442 2183 644 2229 Nonium
678 2188 827 2244 tuum,
856 2187 976 2245 quod
1008 2187 1068 2231 sit
1092 2187 1290 2233 liberalis
1318 2188 1365 2231 in
1393 2187 1629 2246 quosdam:
1696 2231 1701 2253 3

295 2296 315 2329 3
344 2293 461 2331 finem
481 2307 516 2331 a.
621 2299 643 2331 5
666 2295 910 2333 evolaturum
924 2310 1011 2345 pa,
1032 2298 1085 2334 K.
1100 2299 1160 2343 II,
1183 2298 1334 2344 Muell„
1355 2296 1482 2334 advol.
1503 2298 1629 2344 Drs,
1702 2289 1704 2295 ’

194 2343 246 2380 K.
261 2344 296 2380 I.
399 2347 421 2380 8
448 2357 518 2402 pro
541 2345 669 2404 Clario
690 2359 727 2391 a,
755 2359 826 2405 pro
849 2346 984 2384 Clanio
1005 2356 1039 2393 ς,
1066 2347 1268 2395 proclamo
1289 2348 1374 2393 Dr,
1401 2359 1472 2396 pro
1499 2348 1627 2385 Damo

190 2392 987 2494 ²5}133⁰AEt352?23n.³21}4“0222‚42252ffl⁹·25
1008 2399 1388 2495 ὴέἓοῗῑὲὶῗέἓῖῗ·
1443 2400 1629 2486 2713θὲἲέ
1698 2427 1699 2430 ’

193 2493 279 2531 suff.
309 2495 422 2543 vulq„
449 2494 535 2531 suff.
557 2496 672 2532 venia
700 2497 897 2543 Hofacker
918 2509 958 2545 p.
981 2500 1032 2535 48
1057 2502 1094 2536 et
1119 2501 1179 2536 55.
