1630 2678
220 163 279 207 30
808 160 846 196 C.
874 159 1007 195 PLINI

172 282 192 313 2
220 272 318 316 inde
357 273 505 316 felicis.
576 272 775 330 Triginta
818 272 942 315 annis
988 271 1154 328 gloriae
1196 285 1299 315 suae
1343 271 1607 329 supervixit:

219 334 326 390 legit
357 334 517 390 scripta
549 332 600 376 de
633 348 677 376 se
709 333 920 387 carmina,
950 332 1060 390 legit
1099 331 1306 376 historias
1345 334 1391 376 et
1420 333 1605 389 posteri-

218 394 298 437 tati
330 409 431 437 suae
462 394 669 437 interfuit.
732 392 992 437 Perfunctus
1018 395 1085 436 est
1110 392 1240 436 tertio
1273 393 1526 451 consulatu,
1555 397 1630 452 ut,

219 469 435 497 summum
461 455 686 512 fastigium
711 454 871 511 privati
890 453 1081 497 hominis
1106 453 1321 511 impleret,
1352 469 1454 509 cum
1485 454 1605 512 prin-

172 523 192 555 3
219 515 326 571 cipis
355 515 574 558 noluisset.
627 514 844 571 Caesares,
863 514 1022 571 quibus
1054 517 1282 571 suspectus
1311 517 1443 572 atque
1469 516 1603 560 etiam

219 576 381 619 invisus
423 576 656 619 virtutibus
697 576 857 632 fuerat,
899 576 1055 632 evasit,
1106 575 1286 632 reliquit
1336 575 1604 621 incolumem

217 637 428 692 optimum
460 640 589 692 atque
622 637 947 692 amicissimum,
977 639 1201 693 tamquam
1233 637 1288 680 ad
1313 637 1432 682 hunc
1455 637 1603 696 ipsum

168 706 189 738 4
216 696 423 740 honorem
463 698 628 753 publici
671 698 835 741 funeris
880 700 1134 741 reservatus.
1203 697 1384 742 Annum
1422 699 1602 743 tertium

215 760 257 800 et
301 759 645 816 octogensimum
698 759 882 802 excessit
919 759 964 802 in
1014 759 1226 802 altissima
1268 760 1601 818 tranquillitate,

215 818 307 874 pari
332 819 619 862 veneratione.
682 818 799 863 Usus
826 824 892 863 est
918 820 1043 862 firma
1068 820 1336 876 valetudine,
1367 821 1456 866 nisi
1481 821 1600 878 quod
1627 840 1630 862 1

214 879 410 922 solebant
435 879 474 922 ei
500 895 653 923 manus
678 883 878 936 tremere,
905 882 1014 924 citra
1033 881 1228 925 dolorem
1247 884 1408 926 tamen.
1439 881 1601 927 Aditus

214 942 384 983 tantum
418 941 571 984 mortis
604 941 752 984 durior
789 942 1070 999 longiorque,
1101 943 1176 986 sed
1213 941 1288 987 hic
1319 943 1415 1000 ipse
1451 943 1600 988 lauda-

167 1009 187 1039 ὅ
214 999 326 1044 bilis.
387 1000 522 1057 Nam,
553 1016 652 1045 cum
690 1017 840 1046 vocem
883 1006 1160 1060 praepararet
1197 1006 1374 1048 acturus
1413 1005 1460 1048 in
1498 1019 1600 1050 con-

214 1061 357 1104 sulatu
402 1062 591 1118 principi
634 1064 815 1120 gratias,
857 1063 985 1119 liber,
1035 1079 1163 1121 quem
1206 1064 1322 1109 forte
1372 1068 1601 1123 acceperat

214 1121 506 1178 grandiorem,
537 1126 580 1166 et
611 1124 703 1166 seni
735 1127 778 1167 et
809 1125 942 1168 stanti
973 1125 1067 1181 ipso
1095 1125 1287 1182 pondere
1318 1126 1493 1184 elapsus
1519 1129 1598 1172 est.
1624 1143 1630 1168 1

213 1181 342 1225 Hunc
373 1183 475 1226 dum
508 1184 704 1239 sequitur
735 1185 1006 1242 colligitque,
1046 1202 1122 1243 per
1160 1187 1256 1231 leve
1294 1189 1340 1231 et
1375 1187 1597 1232 lubricum

213 1243 508 1298 pavimentum
540 1245 718 1288 fallente
757 1247 941 1304 vestigio
980 1248 1136 1291 cecidit
1173 1262 1416 1305 coxamque
1452 1249 1600 1308 fregit,

214 1318 323 1358 quae
354 1320 507 1360 parum
538 1309 639 1362 apte
671 1307 884 1350 collocata
902 1308 1142 1352 reluctante
1173 1311 1315 1354 aetate
1340 1310 1455 1354 male
1480 1310 1598 1355 coiit.

167 1372 188 1403 6
214 1362 355 1407 Huius
405 1365 487 1407 viri
537 1367 743 1423 exequiae
793 1383 999 1425 magnum
1045 1373 1351 1415 ornamentum
1393 1371 1600 1428 principi,

215 1438 418 1481 magnum
450 1428 640 1483 saeculo,
672 1443 878 1486 magnum
913 1430 1042 1472 etiam
1080 1431 1177 1475 foro
1211 1434 1255 1475 et
1294 1432 1449 1476 rostris
1481 1434 1630 1478 atta-2

213 1484 365 1527 lerunt.
428 1486 646 1531 Laudatus
679 1492 744 1532 est
776 1505 800 1532 a
832 1491 1010 1534 consule
1043 1490 1244 1536 Cornelio
1282 1492 1457 1548 Tacit03
1493 1508 1597 1537 nam

214 1543 286 1587 hic
318 1560 541 1601 supremus
573 1549 772 1593 felicitati
804 1551 895 1594 eius
929 1554 1127 1596 cumulus
1160 1555 1363 1611 accessit,
1391 1553 1597 1598 laudator

167 1614 186 1645 7
214 1605 603 1661 eloquentissimus.
671 1609 730 1653 Et
767 1611 841 1654 ille
885 1613 1059 1667 quidem
1100 1615 1256 1670 plenus
1302 1615 1429 1659 annis
1475 1615 1597 1671 abiit,

213 1666 366 1721 plenus
405 1667 660 1725 honoribus,
706 1672 792 1714 illis
837 1673 985 1729 etiam,
1031 1689 1140 1730 quos
1185 1675 1424 1720 recusavit:
1466 1676 1595 1720 nobis

212 1729 359 1769 tamen
402 1730 667 1783 quaerendus
712 1747 761 1774 ac
811 1733 1117 1778 desiderandus
1163 1740 1229 1780 est
1273 1740 1323 1780 ut
1372 1737 1630 1794 exemplam

212 1787 307 1829 aevi
337 1787 514 1843 prioris,
547 1790 654 1832 mihi
679 1806 780 1835 vero
807 1795 1055 1851 praecipue,
1088 1798 1162 1852 qui
1188 1798 1314 1841 illum
1332 1812 1425 1842 non
1450 1798 1594 1842 solum

163 1856 185 1888 8
210 1847 384 1902 publice
411 1852 620 1903 quantum
647 1851 889 1896 admirabar
913 1858 1083 1899 tantum
1110 1858 1368 1916 diligebam3
1399 1859 1593 1916 primum

211 1908 328 1963 quod
371 1910 544 1965 utrique
589 1911 735 1955 eadem
780 1915 914 1971 regio,
963 1918 1200 1974 municipia
1249 1919 1456 1977 finitima,
1497 1919 1594 1978 agri

210 1968 341 2011 etiam
373 1971 753 2028 possessionesque
792 1976 1065 2032 coniunctae,
1101 1983 1324 2035 praeterea
1361 1981 1480 2037 quod
1516 1980 1593 2024 ille

210 2029 318 2071 mihi
361 2032 482 2073 tutor
524 2032 700 2075 relictus
745 2034 961 2078 adfectum
1007 2040 1196 2093 parentis
1235 2041 1446 2085 exhibuit.
1517 2039 1591 2085 Sic
1615 2058 1630 2086 s

209 2089 486 2133 candidatum
519 2107 587 2134 me
620 2094 826 2151 suffragio
860 2098 1048 2154 ornavit,
1087 2100 1148 2143 sic
1181 2102 1234 2144 ad
1267 2117 1418 2147 omnes
1454 2101 1594 2146 hono-

207 2164 275 2192 res
315 2165 433 2194 meos
478 2166 531 2194 ex
575 2154 811 2197 secessibus
856 2160 1115 2215 accucurrit,
1159 2175 1258 2205 cum
1296 2163 1383 2206 iam
1421 2162 1592 2220 pridem

209 2211 423 2254 eiusmodi
461 2212 619 2256 officiis
659 2216 965 2274 renuntiasset,
1004 2220 1065 2262 sic
1096 2221 1172 2265 illo
1211 2222 1299 2278 die,
1332 2238 1420 2280 quo
1454 2231 1594 2269 mer·

207 2271 329 2314 dotes
377 2273 521 2316 solent
567 2275 812 2332 nominare,
860 2292 968 2333 quos
1020 2280 1299 2338 dignissimos
1347 2281 1592 2340 sacerdtffiq

302 2429 347 2462 22
375 2427 456 2463 eius
476 2440 674 2475 supremus
694 2430 795 2466 felic.
818 2432 866 2466 M
882 2433 954 2469 VS.
1031 2439 1076 2470 26
1105 2436 1190 2472 aevi
1209 2437 1462 2485 RFDpra,
1486 2424 1593 2477 vitta

205 2474 343 2511 MVs.
396 2479 442 2512 28
467 2477 573 2524 regio
600 2489 668 2514 om.
696 2479 794 2515 RF.
