<?xml version="1.0" encoding="UTF-8"?>
<!DOCTYPE html PUBLIC "-//W3C//DTD XHTML 1.0 Transitional//EN"
    "http://www.w3.org/TR/xhtml1/DTD/xhtml1-transitional.dtd">
<html xmlns="http://www.w3.org/1999/xhtml" xml:lang="en" lang="en">
 <head>
  <title>
</title>
<meta http-equiv="Content-Type" content="text/html;charset=utf-8" />
  <meta name='ocr-system' content='tesseract 3.04.00' />
  <meta name='ocr-capabilities' content='ocr_page ocr_carea ocr_par ocr_line ocrx_word'/>
</head>
<body>
  <div class='ocr_page' id='page_1' title='image "./epistularumlibr00plin_0053.png"; bbox 0 0 1630 2678; ppageno 0'>
   <div class='ocr_carea' id='block_1_1' title="bbox 0 150 1563 206">
    <p class='ocr_par' dir='ltr' id='par_1_1' title="bbox 0 150 1563 206">
     <span class='ocr_line' id='line_1_1' title="bbox 0 150 1563 206; baseline 0.003 -14"><span class='ocrx_word' id='word_1_1' title='bbox 0 150 6 192; x_wconf 67' lang='grc' dir='ltr'><em>ζ</em></span> <span class='ocrx_word' id='word_1_2' title='bbox 319 165 355 183; x_wconf 55' lang='grc' dir='ltr'><em>Λ</em></span> <span class='ocrx_word' id='word_1_3' title='bbox 587 157 944 195; x_wconf 83' lang='lat' dir='ltr'><strong>EPISTULARUM</strong></span> <span class='ocrx_word' id='word_1_4' title='bbox 968 158 1003 194; x_wconf 90' lang='lat'>11</span> <span class='ocrx_word' id='word_1_5' title='bbox 1030 162 1137 195; x_wconf 84' lang='lat'>6—8.</span> <span class='ocrx_word' id='word_1_6' title='bbox 1504 161 1563 206; x_wconf 80' lang='lat'>37</span> 
     </span>
    </p>
   </div>
   <div class='ocr_carea' id='block_1_2' title="bbox 97 270 1613 2104">
    <p class='ocr_par' dir='ltr' id='par_1_2' title="bbox 97 270 1613 2104">
     <span class='ocr_line' id='line_1_2' title="bbox 161 270 1565 328; baseline -0.001 -11"><span class='ocrx_word' id='word_1_7' title='bbox 161 270 416 326; x_wconf 68' lang='lat' dir='ltr'>audierunt,</span> <span class='ocrx_word' id='word_1_8' title='bbox 453 285 607 315; x_wconf 78' lang='lat' dir='ltr'>verum</span> <span class='ocrx_word' id='word_1_9' title='bbox 644 273 695 314; x_wconf 91' lang='lat' dir='ltr'>ut</span> <span class='ocrx_word' id='word_1_10' title='bbox 731 270 840 327; x_wconf 82' lang='lat' dir='ltr'>iuis,</span> <span class='ocrx_word' id='word_1_11' title='bbox 879 271 955 328; x_wconf 90' lang='lat' dir='ltr'>qui</span> <span class='ocrx_word' id='word_1_12' title='bbox 993 270 1126 315; x_wconf 90' lang='lat' dir='ltr'>decus</span> <span class='ocrx_word' id='word_1_13' title='bbox 1163 272 1284 315; x_wconf 91' lang='lat' dir='ltr'>istud</span> <span class='ocrx_word' id='word_1_14' title='bbox 1322 271 1481 315; x_wconf 91' lang='lat' dir='ltr'>sudore</span> <span class='ocrx_word' id='word_1_15' title='bbox 1521 275 1565 316; x_wconf 89' lang='lat' dir='ltr'>et</span> 
     </span>
     <span class='ocr_line' id='line_1_3' title="bbox 161 331 1612 392; baseline 0 -13"><span class='ocrx_word' id='word_1_16' title='bbox 161 332 377 392; x_wconf 70' lang='lat' dir='ltr'>sanguino</span> <span class='ocrx_word' id='word_1_17' title='bbox 408 335 453 376; x_wconf 93' lang='lat' dir='ltr'>et</span> <span class='ocrx_word' id='word_1_18' title='bbox 483 331 613 376; x_wconf 87' lang='lat' dir='ltr'>factis</span> <span class='ocrx_word' id='word_1_19' title='bbox 639 332 1002 389; x_wconf 77' lang='lat' dir='ltr'><strong>adsequebantur.</strong></span> <span class='ocrx_word' id='word_1_20' title='bbox 1053 332 1170 377; x_wconf 90' lang='lat' dir='ltr'>Nam</span> <span class='ocrx_word' id='word_1_21' title='bbox 1206 332 1430 390; x_wconf 88' lang='lat' dir='ltr'>Spurinna</span> <span class='ocrx_word' id='word_1_22' title='bbox 1454 333 1564 377; x_wconf 88' lang='lat' dir='ltr'>Bru-</span> <span class='ocrx_word' id='word_1_23' title='bbox 1590 348 1612 380; x_wconf 81' lang='lat'>2</span> 
     </span>
     <span class='ocr_line' id='line_1_4' title="bbox 161 394 1565 452; baseline -0.001 -13"><span class='ocrx_word' id='word_1_24' title='bbox 161 395 332 439; x_wconf 65' lang='lat' dir='ltr'>starum</span> <span class='ocrx_word' id='word_1_25' title='bbox 371 408 521 452; x_wconf 85' lang='lat' dir='ltr'>regem</span> <span class='ocrx_word' id='word_1_26' title='bbox 561 394 606 436; x_wconf 87' lang='lat' dir='ltr'>vi</span> <span class='ocrx_word' id='word_1_27' title='bbox 643 396 688 437; x_wconf 92' lang='lat' dir='ltr'>et</span> <span class='ocrx_word' id='word_1_28' title='bbox 724 394 857 437; x_wconf 85' lang='lat' dir='ltr'>armis</span> <span class='ocrx_word' id='word_1_29' title='bbox 896 394 1072 437; x_wconf 84' lang='lat' dir='ltr'>induxit</span> <span class='ocrx_word' id='word_1_30' title='bbox 1109 394 1154 437; x_wconf 89' lang='lat' dir='ltr'>in</span> <span class='ocrx_word' id='word_1_31' title='bbox 1192 409 1376 452; x_wconf 86' lang='lat' dir='ltr'>regnum</span> <span class='ocrx_word' id='word_1_32' title='bbox 1417 397 1565 439; x_wconf 90' lang='lat' dir='ltr'>osten-</span> 
     </span>
     <span class='ocr_line' id='line_1_5' title="bbox 160 454 1564 513; baseline 0 -13"><span class='ocrx_word' id='word_1_33' title='bbox 160 457 346 513; x_wconf 72' lang='lat' dir='ltr'>tatoque</span> <span class='ocrx_word' id='word_1_34' title='bbox 376 455 495 499; x_wconf 89' lang='lat' dir='ltr'>bello</span> <span class='ocrx_word' id='word_1_35' title='bbox 527 454 845 499; x_wconf 86' lang='lat' dir='ltr'>ferocissimam</span> <span class='ocrx_word' id='word_1_36' title='bbox 879 458 1074 513; x_wconf 81' lang='lat' dir='ltr'>gentem,</span> <span class='ocrx_word' id='word_1_37' title='bbox 1113 456 1230 511; x_wconf 92' lang='lat' dir='ltr'>quod</span> <span class='ocrx_word' id='word_1_38' title='bbox 1263 459 1331 500; x_wconf 87' lang='lat' dir='ltr'>est</span> <span class='ocrx_word' id='word_1_39' title='bbox 1361 456 1564 513; x_wconf 87' lang='lat' dir='ltr'>pulcher-</span> 
     </span>
     <span class='ocr_line' id='line_1_6' title="bbox 118 516 1613 574; baseline 0.001 -12"><span class='ocrx_word' id='word_1_40' title='bbox 118 533 137 562; x_wconf 74' lang='lat'>⁸</span> <span class='ocrx_word' id='word_1_41' title='bbox 159 516 323 561; x_wconf 85' lang='lat' dir='ltr'>rimum</span> <span class='ocrx_word' id='word_1_42' title='bbox 369 516 581 560; x_wconf 79' lang='lat' dir='ltr'>victoriae</span> <span class='ocrx_word' id='word_1_43' title='bbox 626 531 786 574; x_wconf 88' lang='lat' dir='ltr'>genus,</span> <span class='ocrx_word' id='word_1_44' title='bbox 836 519 1003 560; x_wconf 88' lang='lat' dir='ltr'>terrore</span> <span class='ocrx_word' id='word_1_45' title='bbox 1043 517 1307 573; x_wconf 78' lang='lat' dir='ltr'>perdomuit.</span> <span class='ocrx_word' id='word_1_46' title='bbox 1369 517 1430 561; x_wconf 85' lang='lat' dir='ltr'>Et</span> <span class='ocrx_word' id='word_1_47' title='bbox 1478 517 1564 562; x_wconf 86' lang='lat' dir='ltr'>hoc</span> <span class='ocrx_word' id='word_1_48' title='bbox 1590 531 1613 564; x_wconf 80' lang='lat'>3</span> 
     </span>
     <span class='ocr_line' id='line_1_7' title="bbox 161 577 1565 636; baseline 0.001 -14"><span class='ocrx_word' id='word_1_49' title='bbox 161 578 340 636; x_wconf 83' lang='lat' dir='ltr'>quidem</span> <span class='ocrx_word' id='word_1_50' title='bbox 371 577 551 622; x_wconf 82' lang='lat' dir='ltr'>virtutis</span> <span class='ocrx_word' id='word_1_51' title='bbox 595 578 856 634; x_wconf 88' lang='lat' dir='ltr'>praemium,</span> <span class='ocrx_word' id='word_1_52' title='bbox 898 577 1007 621; x_wconf 86' lang='lat' dir='ltr'>illud</span> <span class='ocrx_word' id='word_1_53' title='bbox 1047 578 1259 622; x_wconf 86' lang='lat' dir='ltr'>solacium</span> <span class='ocrx_word' id='word_1_54' title='bbox 1298 578 1464 623; x_wconf 89' lang='lat' dir='ltr'>doloris</span> <span class='ocrx_word' id='word_1_55' title='bbox 1496 593 1565 623; x_wconf 87' lang='lat' dir='ltr'>ac-</span> 
     </span>
     <span class='ocr_line' id='line_1_8' title="bbox 161 637 1565 697; baseline 0 -13"><span class='ocrx_word' id='word_1_56' title='bbox 161 639 297 697; x_wconf 82' lang='lat' dir='ltr'>cepit,</span> <span class='ocrx_word' id='word_1_57' title='bbox 329 639 448 696; x_wconf 90' lang='lat' dir='ltr'>quod</span> <span class='ocrx_word' id='word_1_58' title='bbox 479 639 574 682; x_wconf 87' lang='lat' dir='ltr'>filio</span> <span class='ocrx_word' id='word_1_59' title='bbox 606 639 700 682; x_wconf 91' lang='lat' dir='ltr'>eius</span> <span class='ocrx_word' id='word_1_60' title='bbox 733 637 903 693; x_wconf 86' lang='lat' dir='ltr'>Cottio,</span> <span class='ocrx_word' id='word_1_61' title='bbox 938 653 1068 695; x_wconf 90' lang='lat' dir='ltr'>quem</span> <span class='ocrx_word' id='word_1_62' title='bbox 1101 640 1251 683; x_wconf 87' lang='lat' dir='ltr'>amisit</span> <span class='ocrx_word' id='word_1_63' title='bbox 1281 640 1457 697; x_wconf 83' lang='lat' dir='ltr'>absens,</span> <span class='ocrx_word' id='word_1_64' title='bbox 1489 640 1565 684; x_wconf 83' lang='lat' dir='ltr'>ha·</span> 
     </span>
     <span class='ocr_line' id='line_1_9' title="bbox 161 699 1564 758; baseline 0.001 -14"><span class='ocrx_word' id='word_1_65' title='bbox 161 700 283 744; x_wconf 88' lang='lat' dir='ltr'>bitus</span> <span class='ocrx_word' id='word_1_66' title='bbox 323 702 392 744; x_wconf 89' lang='lat' dir='ltr'>est</span> <span class='ocrx_word' id='word_1_67' title='bbox 430 700 575 744; x_wconf 89' lang='lat' dir='ltr'>honor</span> <span class='ocrx_word' id='word_1_68' title='bbox 618 702 800 743; x_wconf 87' lang='lat' dir='ltr'>statuae.</span> <span class='ocrx_word' id='word_1_69' title='bbox 876 699 1043 743; x_wconf 87' lang='lat' dir='ltr'>Rarum</span> <span class='ocrx_word' id='word_1_70' title='bbox 1088 700 1132 744; x_wconf 93' lang='lat' dir='ltr'>id</span> <span class='ocrx_word' id='word_1_71' title='bbox 1176 701 1223 744; x_wconf 88' lang='lat' dir='ltr'>in</span> <span class='ocrx_word' id='word_1_72' title='bbox 1267 702 1443 758; x_wconf 78' lang='lat' dir='ltr'>iuvene3</span> <span class='ocrx_word' id='word_1_73' title='bbox 1487 702 1564 745; x_wconf 88' lang='lat' dir='ltr'>sed</span> 
     </span>
     <span class='ocr_line' id='line_1_10' title="bbox 161 760 1564 820; baseline 0 -14"><span class='ocrx_word' id='word_1_74' title='bbox 161 764 288 820; x_wconf 70' lang='lat' dir='ltr'>pater</span> <span class='ocrx_word' id='word_1_75' title='bbox 316 760 405 806; x_wconf 83' lang='lat' dir='ltr'>hoc</span> <span class='ocrx_word' id='word_1_76' title='bbox 434 775 610 819; x_wconf 87' lang='lat' dir='ltr'>quoque</span> <span class='ocrx_word' id='word_1_77' title='bbox 642 761 911 818; x_wconf 85' lang='lat' dir='ltr'>merebatur,</span> <span class='ocrx_word' id='word_1_78' title='bbox 943 762 1066 805; x_wconf 88' lang='lat' dir='ltr'>cuius</span> <span class='ocrx_word' id='word_1_79' title='bbox 1098 762 1360 820; x_wconf 78' lang='lat' dir='ltr'>gravissimo</span> <span class='ocrx_word' id='word_1_80' title='bbox 1391 763 1564 807; x_wconf 80' lang='lat' dir='ltr'>vulneri</span> 
     </span>
     <span class='ocr_line' id='line_1_11' title="bbox 101 822 1612 882; baseline 0.002 -15"><span class='ocrx_word' id='word_1_81' title='bbox 101 838 138 866; x_wconf 81' lang='grc' dir='ltr'>ιο</span> <span class='ocrx_word' id='word_1_82' title='bbox 162 837 325 882; x_wconf 80' lang='lat' dir='ltr'>magno</span> <span class='ocrx_word' id='word_1_83' title='bbox 357 823 507 880; x_wconf 81' lang='lat' dir='ltr'>aliquo</span> <span class='ocrx_word' id='word_1_84' title='bbox 540 823 738 867; x_wconf 89' lang='lat' dir='ltr'>fomento</span> <span class='ocrx_word' id='word_1_85' title='bbox 765 822 1030 866; x_wconf 90' lang='lat' dir='ltr'>medendum</span> <span class='ocrx_word' id='word_1_86' title='bbox 1056 823 1152 867; x_wconf 90' lang='lat' dir='ltr'>fuit.</span> <span class='ocrx_word' id='word_1_87' title='bbox 1205 823 1436 868; x_wconf 87' lang='lat' dir='ltr'>Praeterea</span> <span class='ocrx_word' id='word_1_88' title='bbox 1462 823 1564 868; x_wconf 88' lang='lat' dir='ltr'>Cot·</span> <span class='ocrx_word' id='word_1_89' title='bbox 1588 838 1612 871; x_wconf 78' lang='lat'>4</span> 
     </span>
     <span class='ocr_line' id='line_1_12' title="bbox 160 884 1564 942; baseline 0.001 -14"><span class='ocrx_word' id='word_1_90' title='bbox 160 884 251 928; x_wconf 85' lang='lat' dir='ltr'>tius</span> <span class='ocrx_word' id='word_1_91' title='bbox 282 885 379 942; x_wconf 87' lang='lat' dir='ltr'>ipse</span> <span class='ocrx_word' id='word_1_92' title='bbox 410 886 502 928; x_wconf 84' lang='lat' dir='ltr'>tam</span> <span class='ocrx_word' id='word_1_93' title='bbox 530 884 697 928; x_wconf 88' lang='lat' dir='ltr'>clarum</span> <span class='ocrx_word' id='word_1_94' title='bbox 724 884 945 941; x_wconf 80' lang='lat' dir='ltr'>specimen</span> <span class='ocrx_word' id='word_1_95' title='bbox 977 884 1139 928; x_wconf 88' lang='lat' dir='ltr'>indolis</span> <span class='ocrx_word' id='word_1_96' title='bbox 1166 885 1365 942; x_wconf 86' lang='lat' dir='ltr'>dederat,</span> <span class='ocrx_word' id='word_1_97' title='bbox 1396 888 1447 928; x_wconf 87' lang='lat' dir='ltr'>ut</span> <span class='ocrx_word' id='word_1_98' title='bbox 1471 885 1564 930; x_wconf 81' lang='lat' dir='ltr'>vita</span> 
     </span>
     <span class='ocr_line' id='line_1_13' title="bbox 161 945 1564 1004; baseline 0.001 -15"><span class='ocrx_word' id='word_1_99' title='bbox 161 945 257 990; x_wconf 87' lang='lat' dir='ltr'>eius</span> <span class='ocrx_word' id='word_1_100' title='bbox 287 945 434 989; x_wconf 82' lang='lat' dir='ltr'>brevis</span> <span class='ocrx_word' id='word_1_101' title='bbox 468 948 513 988; x_wconf 93' lang='lat' dir='ltr'>et</span> <span class='ocrx_word' id='word_1_102' title='bbox 543 948 732 1004; x_wconf 85' lang='lat' dir='ltr'>angusta</span> <span class='ocrx_word' id='word_1_103' title='bbox 757 945 957 989; x_wconf 77' lang='lat' dir='ltr'>debuerit</span> <span class='ocrx_word' id='word_1_104' title='bbox 989 946 1072 990; x_wconf 88' lang='lat' dir='ltr'>hac</span> <span class='ocrx_word' id='word_1_105' title='bbox 1098 947 1220 989; x_wconf 86' lang='lat' dir='ltr'>velut</span> <span class='ocrx_word' id='word_1_106' title='bbox 1246 947 1564 991; x_wconf 78' lang='lat' dir='ltr'>inmortalitate</span> 
     </span>
     <span class='ocr_line' id='line_1_14' title="bbox 160 1005 1563 1066; baseline 0.001 -16"><span class='ocrx_word' id='word_1_107' title='bbox 160 1006 360 1065; x_wconf 86' lang='lat' dir='ltr'>proferri.</span> <span class='ocrx_word' id='word_1_108' title='bbox 422 1005 540 1050; x_wconf 89' lang='lat' dir='ltr'>Nam</span> <span class='ocrx_word' id='word_1_109' title='bbox 578 1009 702 1050; x_wconf 83' lang='lat' dir='ltr'>tanta</span> <span class='ocrx_word' id='word_1_110' title='bbox 740 1006 780 1050; x_wconf 90' lang='lat' dir='ltr'>ei</span> <span class='ocrx_word' id='word_1_111' title='bbox 812 1007 1040 1063; x_wconf 81' lang='lat' dir='ltr'>sanctitas,</span> <span class='ocrx_word' id='word_1_112' title='bbox 1080 1008 1291 1066; x_wconf 84' lang='lat' dir='ltr'>gravitas,</span> <span class='ocrx_word' id='word_1_113' title='bbox 1324 1008 1563 1052; x_wconf 87' lang='lat' dir='ltr'>auctoritas</span> 
     </span>
     <span class='ocr_line' id='line_1_15' title="bbox 161 1067 1562 1126; baseline 0 -13"><span class='ocrx_word' id='word_1_114' title='bbox 161 1067 312 1123; x_wconf 81' lang='lat' dir='ltr'>etiam,</span> <span class='ocrx_word' id='word_1_115' title='bbox 349 1070 402 1111; x_wconf 91' lang='lat' dir='ltr'>ut</span> <span class='ocrx_word' id='word_1_116' title='bbox 431 1070 583 1125; x_wconf 90' lang='lat' dir='ltr'>posset</span> <span class='ocrx_word' id='word_1_117' title='bbox 621 1082 746 1111; x_wconf 88' lang='lat' dir='ltr'>senes</span> <span class='ocrx_word' id='word_1_118' title='bbox 778 1068 880 1111; x_wconf 89' lang='lat' dir='ltr'>illos</span> <span class='ocrx_word' id='word_1_119' title='bbox 911 1083 1154 1125; x_wconf 84' lang='lat' dir='ltr'>provocare</span> <span class='ocrx_word' id='word_1_120' title='bbox 1186 1070 1369 1125; x_wconf 85' lang='lat' dir='ltr'>virtute,</span> <span class='ocrx_word' id='word_1_121' title='bbox 1401 1070 1562 1126; x_wconf 87' lang='lat' dir='ltr'>quibus</span> 
     </span>
     <span class='ocr_line' id='line_1_16' title="bbox 100 1129 1611 1187; baseline 0.003 -16"><span class='ocrx_word' id='word_1_122' title='bbox 100 1142 139 1172; x_wconf 73' lang='grc' dir='ltr'>ιι</span> <span class='ocrx_word' id='word_1_123' title='bbox 161 1143 280 1174; x_wconf 85' lang='lat' dir='ltr'>nunc</span> <span class='ocrx_word' id='word_1_124' title='bbox 326 1129 495 1173; x_wconf 91' lang='lat' dir='ltr'>honore</span> <span class='ocrx_word' id='word_1_125' title='bbox 542 1129 812 1186; x_wconf 85' lang='lat' dir='ltr'>adaequatus</span> <span class='ocrx_word' id='word_1_126' title='bbox 854 1133 931 1173; x_wconf 92' lang='lat' dir='ltr'>est.</span> <span class='ocrx_word' id='word_1_127' title='bbox 1017 1129 1114 1181; x_wconf 87' lang='lat' dir='ltr'>Quo</span> <span class='ocrx_word' id='word_1_128' title='bbox 1160 1131 1335 1186; x_wconf 89' lang='lat' dir='ltr'>quidem</span> <span class='ocrx_word' id='word_1_129' title='bbox 1382 1130 1564 1187; x_wconf 86' lang='lat' dir='ltr'>honore,</span> <span class='ocrx_word' id='word_1_130' title='bbox 1589 1143 1611 1177; x_wconf 85' lang='lat'>5</span> 
     </span>
     <span class='ocr_line' id='line_1_17' title="bbox 160 1190 1564 1249; baseline 0.001 -15"><span class='ocrx_word' id='word_1_131' title='bbox 160 1193 376 1248; x_wconf 81' lang='lat' dir='ltr'>qnantum</span> <span class='ocrx_word' id='word_1_132' title='bbox 416 1204 500 1249; x_wconf 81' lang='lat' dir='ltr'>ego</span> <span class='ocrx_word' id='word_1_133' title='bbox 543 1190 827 1247; x_wconf 88' lang='lat' dir='ltr'>interpretor,</span> <span class='ocrx_word' id='word_1_134' title='bbox 864 1205 955 1234; x_wconf 88' lang='lat' dir='ltr'>non</span> <span class='ocrx_word' id='word_1_135' title='bbox 993 1192 1125 1235; x_wconf 90' lang='lat' dir='ltr'>modo</span> <span class='ocrx_word' id='word_1_136' title='bbox 1167 1192 1363 1235; x_wconf 80' lang='lat' dir='ltr'>defuncti</span> <span class='ocrx_word' id='word_1_137' title='bbox 1401 1207 1564 1236; x_wconf 90' lang='lat' dir='ltr'>memo-</span> 
     </span>
     <span class='ocr_line' id='line_1_18' title="bbox 158 1251 1563 1310; baseline 0.001 -14"><span class='ocrx_word' id='word_1_138' title='bbox 158 1252 271 1309; x_wconf 82' lang='lat' dir='ltr'>riae,</span> <span class='ocrx_word' id='word_1_139' title='bbox 307 1251 452 1295; x_wconf 89' lang='lat' dir='ltr'>dolori</span> <span class='ocrx_word' id='word_1_140' title='bbox 482 1252 645 1308; x_wconf 87' lang='lat' dir='ltr'>patris,</span> <span class='ocrx_word' id='word_1_141' title='bbox 682 1267 836 1295; x_wconf 84' lang='lat' dir='ltr'>verum</span> <span class='ocrx_word' id='word_1_142' title='bbox 877 1253 1010 1296; x_wconf 90' lang='lat' dir='ltr'>etiam</span> <span class='ocrx_word' id='word_1_143' title='bbox 1043 1254 1244 1310; x_wconf 88' lang='lat' dir='ltr'>exemplo</span> <span class='ocrx_word' id='word_1_144' title='bbox 1277 1257 1563 1310; x_wconf 87' lang='lat' dir='ltr'>prospectum</span> 
     </span>
     <span class='ocr_line' id='line_1_19' title="bbox 159 1311 1563 1358; baseline 0.001 -1"><span class='ocrx_word' id='word_1_145' title='bbox 159 1315 238 1357; x_wconf 80' lang='lat' dir='ltr'>est.</span> <span class='ocrx_word' id='word_1_146' title='bbox 293 1311 471 1357; x_wconf 84' lang='lat' dir='ltr'>Acuent</span> <span class='ocrx_word' id='word_1_147' title='bbox 500 1313 555 1356; x_wconf 87' lang='lat' dir='ltr'>ad</span> <span class='ocrx_word' id='word_1_148' title='bbox 587 1313 726 1356; x_wconf 87' lang='lat' dir='ltr'>bonas</span> <span class='ocrx_word' id='word_1_149' title='bbox 758 1316 873 1356; x_wconf 89' lang='lat' dir='ltr'>artes</span> <span class='ocrx_word' id='word_1_150' title='bbox 906 1313 1180 1357; x_wconf 82' lang='lat' dir='ltr'>iuventutem</span> <span class='ocrx_word' id='word_1_151' title='bbox 1209 1314 1563 1358; x_wconf 84' lang='lat' dir='ltr'>adulescentibus</span> 
     </span>
     <span class='ocr_line' id='line_1_20' title="bbox 160 1373 1563 1443; baseline 0.001 -25"><span class='ocrx_word' id='word_1_152' title='bbox 160 1389 358 1432; x_wconf 87' lang='lat' dir='ltr'>quoque,</span> <span class='ocrx_word' id='word_1_153' title='bbox 397 1374 522 1443; x_wconf 81' lang='lat' dir='ltr'>digni</span> <span class='ocrx_word' id='word_1_154' title='bbox 562 1375 653 1418; x_wconf 89' lang='lat' dir='ltr'>sint</span> <span class='ocrx_word' id='word_1_155' title='bbox 698 1373 850 1431; x_wconf 89' lang='lat' dir='ltr'>modo,</span> <span class='ocrx_word' id='word_1_156' title='bbox 889 1378 1014 1418; x_wconf 86' lang='lat' dir='ltr'>tanta</span> <span class='ocrx_word' id='word_1_157' title='bbox 1065 1376 1260 1432; x_wconf 86' lang='lat' dir='ltr'>praemia</span> <span class='ocrx_word' id='word_1_158' title='bbox 1309 1376 1563 1429; x_wconf 87' lang='lat' dir='ltr'>constituta,</span> 
     </span>
     <span class='ocr_line' id='line_1_21' title="bbox 97 1435 1563 1496; baseline 0.001 -16"><span class='ocrx_word' id='word_1_159' title='bbox 97 1455 135 1484; x_wconf 71' lang='grc' dir='ltr'><strong><em>ω</em></strong></span> <span class='ocrx_word' id='word_1_160' title='bbox 159 1438 319 1480; x_wconf 79' lang='lat' dir='ltr'>acuent</span> <span class='ocrx_word' id='word_1_161' title='bbox 355 1435 577 1492; x_wconf 89' lang='lat' dir='ltr'>principes</span> <span class='ocrx_word' id='word_1_162' title='bbox 615 1435 734 1479; x_wconf 85' lang='lat' dir='ltr'>viros</span> <span class='ocrx_word' id='word_1_163' title='bbox 767 1436 822 1479; x_wconf 87' lang='lat' dir='ltr'>ad</span> <span class='ocrx_word' id='word_1_164' title='bbox 853 1436 1015 1479; x_wconf 89' lang='lat' dir='ltr'>liberos</span> <span class='ocrx_word' id='word_1_165' title='bbox 1049 1436 1351 1493; x_wconf 89' lang='lat' dir='ltr'>suscipiendos</span> <span class='ocrx_word' id='word_1_166' title='bbox 1384 1439 1428 1480; x_wconf 90' lang='lat' dir='ltr'>et</span> <span class='ocrx_word' id='word_1_167' title='bbox 1458 1452 1563 1496; x_wconf 85' lang='lat' dir='ltr'>gau·</span> 
     </span>
     <span class='ocr_line' id='line_1_22' title="bbox 159 1496 1562 1554; baseline 0.001 -14"><span class='ocrx_word' id='word_1_168' title='bbox 159 1496 234 1541; x_wconf 72' lang='lat' dir='ltr'>dia</span> <span class='ocrx_word' id='word_1_169' title='bbox 264 1511 319 1540; x_wconf 85' lang='lat' dir='ltr'>ex</span> <span class='ocrx_word' id='word_1_170' title='bbox 343 1496 654 1553; x_wconf 85' lang='lat' dir='ltr'>superstitibus</span> <span class='ocrx_word' id='word_1_171' title='bbox 687 1500 731 1540; x_wconf 90' lang='lat' dir='ltr'>et</span> <span class='ocrx_word' id='word_1_172' title='bbox 763 1513 817 1540; x_wconf 84' lang='lat' dir='ltr'>ex</span> <span class='ocrx_word' id='word_1_173' title='bbox 843 1497 1015 1540; x_wconf 87' lang='lat' dir='ltr'>amissis</span> <span class='ocrx_word' id='word_1_174' title='bbox 1048 1501 1138 1540; x_wconf 88' lang='lat' dir='ltr'>tam</span> <span class='ocrx_word' id='word_1_175' title='bbox 1166 1498 1362 1554; x_wconf 85' lang='lat' dir='ltr'>gloriosa</span> <span class='ocrx_word' id='word_1_176' title='bbox 1387 1499 1562 1543; x_wconf 89' lang='lat' dir='ltr'>solacia.</span> 
     </span>
     <span class='ocr_line' id='line_1_23' title="bbox 158 1556 1611 1616; baseline 0.002 -14"><span class='ocrx_word' id='word_1_177' title='bbox 158 1556 243 1602; x_wconf 82' lang='lat' dir='ltr'>His</span> <span class='ocrx_word' id='word_1_178' title='bbox 275 1573 330 1602; x_wconf 86' lang='lat' dir='ltr'>ex</span> <span class='ocrx_word' id='word_1_179' title='bbox 361 1558 503 1602; x_wconf 84' lang='lat' dir='ltr'>causis</span> <span class='ocrx_word' id='word_1_180' title='bbox 537 1561 683 1602; x_wconf 87' lang='lat' dir='ltr'>statua</span> <span class='ocrx_word' id='word_1_181' title='bbox 711 1558 831 1602; x_wconf 82' lang='lat' dir='ltr'>Cotti</span> <span class='ocrx_word' id='word_1_182' title='bbox 863 1558 1038 1614; x_wconf 88' lang='lat' dir='ltr'>publice</span> <span class='ocrx_word' id='word_1_183' title='bbox 1069 1559 1212 1602; x_wconf 88' lang='lat' dir='ltr'>laetor</span> <span class='ocrx_word' id='word_1_184' title='bbox 1243 1574 1323 1603; x_wconf 88' lang='lat' dir='ltr'>nec</span> <span class='ocrx_word' id='word_1_185' title='bbox 1354 1560 1562 1616; x_wconf 88' lang='lat' dir='ltr'>privatim</span> <span class='ocrx_word' id='word_1_186' title='bbox 1589 1573 1611 1606; x_wconf 82' lang='grc'>6</span> 
     </span>
     <span class='ocr_line' id='line_1_24' title="bbox 158 1618 1562 1664; baseline 0 0"><span class='ocrx_word' id='word_1_187' title='bbox 158 1619 316 1664; x_wconf 88' lang='lat' dir='ltr'>minus.</span> <span class='ocrx_word' id='word_1_188' title='bbox 393 1618 554 1663; x_wconf 82' lang='lat' dir='ltr'>Amavi</span> <span class='ocrx_word' id='word_1_189' title='bbox 596 1619 1077 1663; x_wconf 86' lang='lat' dir='ltr'>consummatissimum</span> <span class='ocrx_word' id='word_1_190' title='bbox 1121 1619 1322 1664; x_wconf 87' lang='lat' dir='ltr'>iuvenem</span> <span class='ocrx_word' id='word_1_191' title='bbox 1365 1624 1455 1664; x_wconf 87' lang='lat' dir='ltr'>tam</span> <span class='ocrx_word' id='word_1_192' title='bbox 1498 1637 1562 1664; x_wconf 87' lang='lat' dir='ltr'>ar-</span> 
     </span>
     <span class='ocr_line' id='line_1_25' title="bbox 158 1679 1562 1740; baseline 0.001 -16"><span class='ocrx_word' id='word_1_193' title='bbox 158 1679 330 1735; x_wconf 87' lang='lat' dir='ltr'>denter,</span> <span class='ocrx_word' id='word_1_194' title='bbox 362 1694 494 1737; x_wconf 82' lang='lat' dir='ltr'>quam</span> <span class='ocrx_word' id='word_1_195' title='bbox 519 1695 639 1724; x_wconf 90' lang='lat' dir='ltr'>nunc</span> <span class='ocrx_word' id='word_1_196' title='bbox 666 1680 947 1736; x_wconf 86' lang='lat' dir='ltr'>impatienter</span> <span class='ocrx_word' id='word_1_197' title='bbox 971 1681 1158 1738; x_wconf 85' lang='lat' dir='ltr'>requiro.</span> <span class='ocrx_word' id='word_1_198' title='bbox 1211 1681 1311 1725; x_wconf 87' lang='lat' dir='ltr'>Erit</span> <span class='ocrx_word' id='word_1_199' title='bbox 1335 1697 1440 1740; x_wconf 87' lang='lat' dir='ltr'>ergo</span> <span class='ocrx_word' id='word_1_200' title='bbox 1467 1697 1562 1738; x_wconf 90' lang='lat' dir='ltr'>per-</span> 
     </span>
     <span class='ocr_line' id='line_1_26' title="bbox 97 1741 1562 1800; baseline -0.002 -11"><span class='ocrx_word' id='word_1_201' title='bbox 97 1760 134 1789; x_wconf 65' lang='lat' dir='ltr'>n</span> <span class='ocrx_word' id='word_1_202' title='bbox 158 1744 336 1800; x_wconf 74' lang='lat' dir='ltr'>gratum</span> <span class='ocrx_word' id='word_1_203' title='bbox 375 1742 484 1785; x_wconf 90' lang='lat' dir='ltr'>mihi</span> <span class='ocrx_word' id='word_1_204' title='bbox 523 1742 637 1784; x_wconf 91' lang='lat' dir='ltr'>hanc</span> <span class='ocrx_word' id='word_1_205' title='bbox 677 1741 871 1798; x_wconf 80' lang='lat' dir='ltr'>effigiem</span> <span class='ocrx_word' id='word_1_206' title='bbox 905 1742 998 1785; x_wconf 91' lang='lat' dir='ltr'>eius</span> <span class='ocrx_word' id='word_1_207' title='bbox 1030 1742 1216 1786; x_wconf 88' lang='lat' dir='ltr'>subinde</span> <span class='ocrx_word' id='word_1_208' title='bbox 1250 1744 1429 1799; x_wconf 91' lang='lat' dir='ltr'>intueri,</span> <span class='ocrx_word' id='word_1_209' title='bbox 1463 1744 1562 1786; x_wconf 89' lang='lat' dir='ltr'>sub-</span> 
     </span>
     <span class='ocr_line' id='line_1_27' title="bbox 158 1802 1562 1860; baseline 0.001 -14"><span class='ocrx_word' id='word_1_210' title='bbox 158 1802 261 1847; x_wconf 90' lang='lat' dir='ltr'>inde</span> <span class='ocrx_word' id='word_1_211' title='bbox 292 1803 528 1859; x_wconf 85' lang='lat' dir='ltr'>respicere,</span> <span class='ocrx_word' id='word_1_212' title='bbox 565 1802 646 1845; x_wconf 91' lang='lat' dir='ltr'>sub</span> <span class='ocrx_word' id='word_1_213' title='bbox 685 1802 768 1845; x_wconf 84' lang='lat' dir='ltr'>hac</span> <span class='ocrx_word' id='word_1_214' title='bbox 801 1803 1059 1858; x_wconf 87' lang='lat' dir='ltr'>consistere,</span> <span class='ocrx_word' id='word_1_215' title='bbox 1096 1807 1269 1860; x_wconf 87' lang='lat' dir='ltr'>praeter</span> <span class='ocrx_word' id='word_1_216' title='bbox 1301 1804 1415 1848; x_wconf 88' lang='lat' dir='ltr'>hanc</span> <span class='ocrx_word' id='word_1_217' title='bbox 1447 1820 1562 1848; x_wconf 89' lang='lat' dir='ltr'>com-</span> 
     </span>
     <span class='ocr_line' id='line_1_28' title="bbox 159 1862 1609 1923; baseline 0.003 -16"><span class='ocrx_word' id='word_1_218' title='bbox 159 1878 315 1907; x_wconf 75' lang='lat' dir='ltr'>meare.</span> <span class='ocrx_word' id='word_1_219' title='bbox 367 1862 565 1918; x_wconf 85' lang='lat' dir='ltr'>Etenim,</span> <span class='ocrx_word' id='word_1_220' title='bbox 597 1863 633 1906; x_wconf 89' lang='lat' dir='ltr'>si</span> <span class='ocrx_word' id='word_1_221' title='bbox 661 1863 968 1907; x_wconf 85' lang='lat' dir='ltr'>defunctorum</span> <span class='ocrx_word' id='word_1_222' title='bbox 996 1865 1210 1922; x_wconf 86' lang='lat' dir='ltr'>imagines</span> <span class='ocrx_word' id='word_1_223' title='bbox 1237 1865 1357 1909; x_wconf 92' lang='lat' dir='ltr'>domi</span> <span class='ocrx_word' id='word_1_224' title='bbox 1389 1866 1561 1923; x_wconf 87' lang='lat' dir='ltr'>positae</span> <span class='ocrx_word' id='word_1_225' title='bbox 1589 1878 1609 1911; x_wconf 86' lang='grc'><strong>7</strong></span> 
     </span>
     <span class='ocr_line' id='line_1_29' title="bbox 159 1923 1562 1984; baseline 0.002 -17"><span class='ocrx_word' id='word_1_226' title='bbox 159 1923 358 1967; x_wconf 86' lang='lat' dir='ltr'>dolorem</span> <span class='ocrx_word' id='word_1_227' title='bbox 383 1926 586 1967; x_wconf 89' lang='lat' dir='ltr'>nostrum</span> <span class='ocrx_word' id='word_1_228' title='bbox 618 1924 784 1979; x_wconf 85' lang='lat' dir='ltr'>levant,</span> <span class='ocrx_word' id='word_1_229' title='bbox 818 1928 983 1981; x_wconf 88' lang='lat' dir='ltr'>quanto</span> <span class='ocrx_word' id='word_1_230' title='bbox 1013 1927 1153 1984; x_wconf 85' lang='lat' dir='ltr'>magis</span> <span class='ocrx_word' id='word_1_231' title='bbox 1187 1926 1288 1982; x_wconf 86' lang='lat' dir='ltr'>hae,</span> <span class='ocrx_word' id='word_1_232' title='bbox 1322 1928 1482 1983; x_wconf 86' lang='lat' dir='ltr'>quibus</span> <span class='ocrx_word' id='word_1_233' title='bbox 1515 1927 1562 1970; x_wconf 91' lang='lat' dir='ltr'>in</span> 
     </span>
     <span class='ocr_line' id='line_1_30' title="bbox 160 1984 1560 2045; baseline 0.001 -16"><span class='ocrx_word' id='word_1_234' title='bbox 160 1984 445 2030; x_wconf 78' lang='lat' dir='ltr'>celeberrimo</span> <span class='ocrx_word' id='word_1_235' title='bbox 483 1985 582 2028; x_wconf 89' lang='lat' dir='ltr'>loco</span> <span class='ocrx_word' id='word_1_236' title='bbox 623 2000 714 2028; x_wconf 93' lang='lat' dir='ltr'>non</span> <span class='ocrx_word' id='word_1_237' title='bbox 747 1987 876 2029; x_wconf 89' lang='lat' dir='ltr'>modo</span> <span class='ocrx_word' id='word_1_238' title='bbox 910 1988 1078 2043; x_wconf 87' lang='lat' dir='ltr'>species</span> <span class='ocrx_word' id='word_1_239' title='bbox 1111 1991 1155 2030; x_wconf 90' lang='lat' dir='ltr'>et</span> <span class='ocrx_word' id='word_1_240' title='bbox 1188 1988 1336 2031; x_wconf 88' lang='lat' dir='ltr'>vultus</span> <span class='ocrx_word' id='word_1_241' title='bbox 1370 1989 1560 2045; x_wconf 88' lang='lat' dir='ltr'>illorum,</span> 
     </span>
     <span class='ocr_line' id='line_1_31' title="bbox 98 2045 1264 2104; baseline -0.002 -11"><span class='ocrx_word' id='word_1_242' title='bbox 98 2066 135 2093; x_wconf 72' lang='lat' dir='ltr'>so</span> <span class='ocrx_word' id='word_1_243' title='bbox 159 2045 236 2091; x_wconf 82' lang='lat' dir='ltr'>sed</span> <span class='ocrx_word' id='word_1_244' title='bbox 268 2046 412 2090; x_wconf 92' lang='lat' dir='ltr'>honor</span> <span class='ocrx_word' id='word_1_245' title='bbox 444 2046 575 2089; x_wconf 86' lang='lat' dir='ltr'>etiam</span> <span class='ocrx_word' id='word_1_246' title='bbox 609 2049 653 2089; x_wconf 91' lang='lat' dir='ltr'>et</span> <span class='ocrx_word' id='word_1_247' title='bbox 684 2047 828 2104; x_wconf 86' lang='lat' dir='ltr'>gloria</span> <span class='ocrx_word' id='word_1_248' title='bbox 859 2047 1079 2091; x_wconf 77' lang='lat' dir='ltr'>refertur?</span> <span class='ocrx_word' id='word_1_249' title='bbox 1143 2047 1264 2091; x_wconf 88' lang='lat' dir='ltr'>Vale.</span> 
     </span>
    </p>
   </div>
   <div class='ocr_carea' id='block_1_3' title="bbox 159 2148 1606 2386">
    <p class='ocr_par' dir='ltr' id='par_1_3' title="bbox 159 2148 1606 2386">
     <span class='ocr_line' id='line_1_32' title="bbox 803 2148 917 2187; baseline 0.009 -1"><span class='ocrx_word' id='word_1_250' title='bbox 803 2148 917 2187; x_wconf 89' lang='lat' dir='ltr'><strong>VIII.</strong></span> 
     </span>
     <span class='ocr_line' id='line_1_33' title="bbox 523 2222 1204 2257; baseline 0.006 -4"><span class='ocrx_word' id='word_1_251' title='bbox 523 2222 565 2254; x_wconf 79' lang='lat' dir='ltr'>C.</span> <span class='ocrx_word' id='word_1_252' title='bbox 588 2222 785 2256; x_wconf 70' lang='lat' dir='ltr'><strong>PLINIUS</strong></span> <span class='ocrx_word' id='word_1_253' title='bbox 814 2222 1019 2255; x_wconf 76' lang='lat' dir='ltr'>CANINIO</span> <span class='ocrx_word' id='word_1_254' title='bbox 1047 2224 1140 2257; x_wconf 76' lang='lat'>81⁷0</span> <span class='ocrx_word' id='word_1_255' title='bbox 1168 2224 1204 2257; x_wconf 86' lang='lat' dir='ltr'>S.</span> 
     </span>
     <span class='ocr_line' id='line_1_34' title="bbox 260 2276 1606 2334; baseline 0.001 -12"><span class='ocrx_word' id='word_1_256' title='bbox 260 2276 420 2322; x_wconf 87' lang='lat' dir='ltr'>Studes</span> <span class='ocrx_word' id='word_1_257' title='bbox 465 2293 521 2321; x_wconf 88' lang='lat' dir='ltr'>an</span> <span class='ocrx_word' id='word_1_258' title='bbox 569 2277 750 2334; x_wconf 84' lang='lat' dir='ltr'>piscaris</span> <span class='ocrx_word' id='word_1_259' title='bbox 796 2294 852 2322; x_wconf 83' lang='lat' dir='ltr'>an</span> <span class='ocrx_word' id='word_1_260' title='bbox 898 2279 1067 2322; x_wconf 88' lang='lat' dir='ltr'>venaris</span> <span class='ocrx_word' id='word_1_261' title='bbox 1113 2295 1168 2322; x_wconf 84' lang='lat' dir='ltr'>an</span> <span class='ocrx_word' id='word_1_262' title='bbox 1214 2280 1344 2323; x_wconf 89' lang='lat' dir='ltr'>simul</span> <span class='ocrx_word' id='word_1_263' title='bbox 1384 2281 1561 2324; x_wconf 77' lang='lat' dir='ltr'>omnia?</span> <span class='ocrx_word' id='word_1_264' title='bbox 1589 2294 1606 2325; x_wconf 93' lang='lat'>1</span> 
     </span>
     <span class='ocr_line' id='line_1_35' title="bbox 159 2337 1559 2386; baseline 0.002 -3"><span class='ocrx_word' id='word_1_265' title='bbox 159 2337 352 2383; x_wconf 87' lang='lat' dir='ltr'>Possunt</span> <span class='ocrx_word' id='word_1_266' title='bbox 393 2339 509 2383; x_wconf 88' lang='lat' dir='ltr'>enim</span> <span class='ocrx_word' id='word_1_267' title='bbox 550 2339 699 2382; x_wconf 84' lang='lat' dir='ltr'>omnia</span> <span class='ocrx_word' id='word_1_268' title='bbox 735 2339 868 2383; x_wconf 88' lang='lat' dir='ltr'>simul</span> <span class='ocrx_word' id='word_1_269' title='bbox 907 2340 1000 2383; x_wconf 88' lang='lat' dir='ltr'>fleri</span> <span class='ocrx_word' id='word_1_270' title='bbox 1041 2340 1094 2383; x_wconf 85' lang='lat' dir='ltr'>ad</span> <span class='ocrx_word' id='word_1_271' title='bbox 1128 2340 1304 2383; x_wconf 88' lang='lat' dir='ltr'>Larium</span> <span class='ocrx_word' id='word_1_272' title='bbox 1346 2345 1559 2386; x_wconf 88' lang='lat' dir='ltr'>nostrum.</span> 
     </span>
    </p>
   </div>
   <div class='ocr_carea' id='block_1_4' title="bbox 162 2434 1558 2530">
    <p class='ocr_par' dir='ltr' id='par_1_4' title="bbox 162 2434 1558 2530">
     <span class='ocr_line' id='line_1_36' title="bbox 259 2434 1558 2481; baseline 0.002 -11"><span class='ocrx_word' id='word_1_273' title='bbox 259 2438 278 2470; x_wconf 86' lang='lat'><strong>1</strong></span> <span class='ocrx_word' id='word_1_274' title='bbox 313 2435 360 2478; x_wconf 75' lang='lat' dir='ltr'>cf.</span> <span class='ocrx_word' id='word_1_275' title='bbox 396 2434 499 2470; x_wconf 77' lang='grc' dir='ltr'><strong><em>Εηη.</em></strong></span> <span class='ocrx_word' id='word_1_276' title='bbox 533 2438 628 2481; x_wconf 74' lang='lat' dir='ltr'>traq.</span> <span class='ocrx_word' id='word_1_277' title='bbox 660 2434 709 2478; x_wconf 76' lang='lat' dir='ltr'>fr.</span> <span class='ocrx_word' id='word_1_278' title='bbox 737 2447 768 2471; x_wconf 83' lang='lat' dir='ltr'>v.</span> <span class='ocrx_word' id='word_1_279' title='bbox 795 2438 845 2471; x_wconf 88' lang='lat'>36</span> <span class='ocrx_word' id='word_1_280' title='bbox 869 2436 923 2471; x_wconf 84' lang='lat' dir='ltr'>ed.</span> <span class='ocrx_word' id='word_1_281' title='bbox 946 2436 1062 2479; x_wconf 62' lang='lat' dir='ltr'>Vahl,</span> <span class='ocrx_word' id='word_1_282' title='bbox 1098 2437 1170 2471; x_wconf 77' lang='lat' dir='ltr'>Cic.</span> <span class='ocrx_word' id='word_1_283' title='bbox 1203 2436 1247 2472; x_wconf 81' lang='lat' dir='ltr'>de</span> <span class='ocrx_word' id='word_1_284' title='bbox 1273 2438 1335 2481; x_wconf 79' lang='lat' dir='ltr'>off.</span> <span class='ocrx_word' id='word_1_285' title='bbox 1364 2438 1388 2473; x_wconf 89' lang='grc' dir='ltr'><em>Ι</em></span> <span class='ocrx_word' id='word_1_286' title='bbox 1415 2440 1471 2481; x_wconf 81' lang='grc'>18,</span> <span class='ocrx_word' id='word_1_287' title='bbox 1498 2439 1558 2473; x_wconf 85' lang='grc'>61.</span> 
     </span>
     <span class='ocr_line' id='line_1_37' title="bbox 162 2483 1408 2530; baseline 0.003 -12"><span class='ocrx_word' id='word_1_288' title='bbox 162 2483 208 2519; x_wconf 76' lang='grc'>19</span> <span class='ocrx_word' id='word_1_289' title='bbox 233 2493 386 2529; x_wconf 85' lang='lat' dir='ltr'>quoque</span> <span class='ocrx_word' id='word_1_290' title='bbox 412 2486 457 2519; x_wconf 88' lang='lat' dir='ltr'>ut</span> <span class='ocrx_word' id='word_1_291' title='bbox 482 2483 591 2530; x_wconf 80' lang='lat' dir='ltr'>digni</span> <span class='ocrx_word' id='word_1_292' title='bbox 619 2483 741 2528; x_wconf 65' lang='lat' dir='ltr'>Fre,</span> <span class='ocrx_word' id='word_1_293' title='bbox 768 2495 830 2529; x_wconf 90' lang='lat' dir='ltr'>qu.</span> <span class='ocrx_word' id='word_1_294' title='bbox 859 2485 1007 2520; x_wconf 83' lang='lat' dir='ltr'>utinam</span> <span class='ocrx_word' id='word_1_295' title='bbox 1037 2484 1072 2519; x_wconf 92' lang='lat' dir='ltr'>d.</span> <span class='ocrx_word' id='word_1_296' title='bbox 1100 2486 1195 2521; x_wconf 78' lang='lat' dir='ltr'>coni.</span> <span class='ocrx_word' id='word_1_297' title='bbox 1226 2486 1319 2522; x_wconf 75' lang='lat' dir='ltr'>Otto.</span> <span class='ocrx_word' id='word_1_298' title='bbox 1397 2519 1408 2528; x_wconf 73' lang='grc'><strong>,</strong></span> 
     </span>
    </p>
   </div>
   <div class='ocr_carea' id='block_1_5' title="bbox 159 2406 452 2412">
    <p class='ocr_par' dir='ltr' id='par_1_5' title="bbox 159 2406 452 2412">
     <span class='ocr_line' id='line_1_38' title="bbox 159 2406 452 2412; baseline 0 0"><span class='ocrx_word' id='word_1_299' title='bbox 159 2406 452 2412; x_wconf 95' lang='lat' dir='ltr'> </span> 
     </span>
    </p>
   </div>
  </div>
 </body>
</html>
