1716 2742
201 142 291 187 190
811 137 850 174 0.
879 137 1017 174 PLlNl

199 255 236 299 si
256 255 489 299 locuturus
511 258 555 297 es
584 268 685 296 cum
714 253 867 309 aliquo
896 251 1146 309 quamlibet
1173 251 1305 296 docto
1313 286 1326 309 ‚
1353 267 1444 296 uno
1466 254 1628 309 tamen,

199 318 347 361 minus
382 316 698 371 commoveris,
733 330 869 371 quam
904 314 941 358 si
975 329 1077 358 cum
1113 313 1266 358 multis
1299 314 1372 358 vel
1404 314 1630 359 indoctis?

147 393 168 426 9
196 379 378 436 Nonne,
413 394 514 423 cum
543 378 689 436 surgis
717 376 772 420 ad
794 376 1038 435 agendum,
1071 379 1181 420 tunc
1207 377 1400 421 maxime
1428 376 1513 421 tibi
1533 377 1629 435 ipse
1682 415 1684 417 .

124 581 168 613 10

123 830 165 862 11

122 1205 165 1237 12

122 1392 166 1425 13

123 1704 170 1738 14

123 1955 168 1987 15

198 441 382 498 diffidis,
416 443 524 484 tunc
552 442 846 496 commutata,
880 454 971 483 non
999 439 1098 483 dico
1126 439 1340 496 plurima,
1374 439 1450 484 sed
1478 440 1630 484 omnia

197 504 354 561 cupis?
388 503 542 559 utique
576 503 614 546 si
646 501 782 546 latior
815 517 976 546 scaena
1003 504 1046 545 et
1074 516 1240 545 corona
1267 501 1490 559 diffusior3
1523 517 1628 547 nam
1663 516 1678 543 5

196 567 298 610 illos
333 580 513 623 quoque
554 564 757 609 sordidos
798 565 1086 621 pullatosque
1120 579 1386 608 reveremur.
1451 564 1630 622 Nonne,

196 629 234 672 si
266 628 411 686 prima
444 643 647 685 quaeque
682 626 949 685 improbari
962 630 1116 684 putas,
1150 627 1398 671 debilitaris
1440 630 1486 672 et
1527 642 1629 672 con-

196 691 337 735 cidis?
390 688 580 747 Opinor,
633 690 739 747 quia
790 690 837 733 in
889 705 1075 733 numero
1129 689 1227 747 ipso
1282 691 1350 733 est
1403 689 1628 747 quoddam

196 769 408 812 magnum
460 754 779 810 conlatumque
827 753 1086 807 consilium,
1139 752 1392 809 quibusque
1439 753 1629 812 singulis

195 815 348 860 iudicii
381 831 562 873 parum,
595 815 804 859 omnibus
839 815 1095 872 plurimum.
1161 814 1320 872 Itaque
1346 814 1627 873 Pomponius
1657 829 1691 856 10

195 877 426 922 Secundus
475 878 569 936 (hic
600 879 809 937 scriptor
851 877 1224 936 tragoediarum),
1275 878 1312 921 si
1360 878 1468 935 quid
1511 878 1628 922 forte

194 941 458 985 familiarior
491 941 660 985 amicus
693 941 963 996 tollendum,
998 941 1093 998 ipse
1126 940 1410 984 retinendum
1445 940 1630 984 arbitra-

193 1006 335 1061 retur,
369 1003 516 1048 dicere
554 1003 745 1047 solebat:
787 1002 874 1046 Ad
908 1004 1128 1060 populum
1156 1003 1377 1060 provoco'
1405 1006 1540 1061 atque
1567 1004 1631 1047 ita

196 1082 251 1110 ex
283 1067 442 1124 populi
475 1067 548 1110 vel
581 1066 760 1120 silentio
795 1067 866 1109 vel
894 1066 1086 1110 adsensu
1119 1068 1197 1109 aut
1225 1081 1351 1111 suam
1386 1069 1464 1110 aut
1497 1066 1630 1110 amici

195 1129 462 1173 sententiam
517 1118 795 1186 sequebatur.
857 1128 1075 1172 Tantum
1128 1128 1215 1172 1110
1257 1129 1428 1186 populo
1482 1128 1626 1173 dabat.
1658 1141 1692 1170 15

195 1191 334 1235 Recte
361 1207 418 1235 an
445 1206 592 1248 secus,
625 1191 740 1235 nihil
767 1192 822 1235 ad
851 1207 934 1236 me.
999 1191 1100 1250 Ego
1135 1191 1255 1235 enim
1282 1205 1376 1234 non
1408 1192 1628 1249 populum

195 1255 432 1311 advocare,
479 1254 555 1298 sed
599 1257 744 1298 certos
789 1255 1045 1310 electosque
1091 1254 1238 1310 sole0‚
1284 1268 1397 1311 quos
1441 1254 1629 1311 intuear,

196 1317 358 1374 quibus
399 1317 596 1374 credam,
650 1332 763 1374 quos
815 1316 1008 1373 denique
1052 1319 1097 1360 et
1145 1319 1377 1373 tamquam
1425 1316 1628 1375 singulos

195 1380 428 1423 observem
474 1382 518 1423 et
560 1382 792 1437 tamquam
837 1394 930 1423 non
977 1379 1181 1437 singulos
1228 1380 1425 1423 timeam.
1497 1378 1629 1436 Nam,

196 1443 316 1499 quod
350 1442 407 1485 M.
437 1441 590 1486 Cicero
632 1442 685 1486 de
718 1442 842 1497 stilo,
877 1456 960 1500 ego
1001 1442 1055 1485 de
1094 1444 1219 1485 metu
1258 1442 1416 1486 sentio.
1474 1441 1633 1486 Timor·
1655 1455 1692 1483 20

196 1508 281 1561 est,
322 1505 459 1549 timor
501 1505 762 1548 emendator
804 1505 1089 1562 asperrimus.
1155 1503 1256 1548 Hoc
1298 1504 1467 1561 ipsum,
1509 1504 1630 1562 quod

196 1583 277 1611 nos
350 1568 616 1612 recitaturos
689 1567 960 1626 cogitamus,
1027 1567 1254 1623 emendat,
1321 1567 1441 1624 quod
1507 1566 1628 1611 audi-

196 1630 361 1673 torium
422 1630 722 1688 ingredimur,
781 1630 1007 1686 emendat,
1061 1630 1182 1687 quod
1234 1630 1475 1687 pallemus,
1527 1630 1629 1673 hor-

197 1693 430 1749 rescimus,
497 1693 906 1751 circumspicimus,
971 1692 1189 1736 emendat.
1274 1691 1469 1736 Proinde
1536 1707 1628 1736 non

195 1755 394 1812 paenitet
446 1771 516 1798 me
570 1755 907 1806 consuetudinis
961 1771 1104 1812 meae,
1158 1770 1292 1812 quam
1339 1754 1626 1799 utilissimam
1654 1769 1690 1796 25

197 1817 420 1875 experior,
461 1818 659 1876 adeoque
700 1834 792 1862 non
833 1819 1060 1862 deterreor
1093 1817 1388 1862 sermunculis
1423 1818 1628 1874 istorum,

196 1882 247 1923 ut
279 1880 399 1923 ultro
434 1882 478 1923 te
511 1895 679 1939 rogem,
711 1883 933 1925 monstres
967 1880 1156 1938 aliquid,
1197 1880 1318 1937 quod
1350 1879 1421 1924 his
1456 1879 1627 1924 addam.

196 1941 325 1986 Nihil
375 1942 492 1986 enim
537 1958 667 1986 curae
706 1959 831 1987 meae
874 1943 982 1988 satis
1026 1946 1105 1988 est.
1172 1941 1353 2002 Cogito,
1394 1958 1528 2000 quam
1570 1943 1630 1986 sit

197 2020 411 2063 magnum
456 2005 559 2048 dare
602 2006 773 2063 aliquid
816 2007 863 2050 in
905 2021 1064 2050 manus
1107 2006 1364 2063 hominum,
1405 2020 1490 2050 nec
1531 2020 1629 2074 per-

197 2067 381 2111 suadere
427 2067 538 2111 mihi
584 2083 768 2124 possum
813 2084 906 2112 non
958 2071 1003 2112 et
1049 2084 1151 2113 cum
1203 2067 1358 2112 multis
1405 2070 1450 2112 et
1495 2071 1627 2125 saepe
1654 2082 1692 2109 80

197 2129 499 2187 tractandum,
559 2131 679 2187 quod
738 2132 914 2188 placere
975 2134 1020 2175 et
1078 2146 1254 2188 semper
1312 2134 1357 2174 et
1417 2130 1626 2175 omnibus

198 2193 365 2250 cupias.
430 2192 555 2237 Vale.

299 2319 320 2351 2
349 2315 381 2351 si
409 2326 478 2352 om.
502 2315 543 2351 D
553 2327 622 2362 pr.
746 2319 766 2351 3
794 2317 878 2351 tum
906 2328 1007 2352 max.
1031 2325 1100 2354 ςα.
1225 2320 1269 2352 11
1298 2316 1364 2352 1110
1391 2327 1461 2352 scr.
1484 2317 1531 2352 tr.
1554 2315 1625 2352 del.

197 2366 290 2402 Birt
321 2377 416 2402 mus.
451 2365 573 2402 Rhen.
603 2365 801 2402 XXXIV
830 2368 964 2413 (1879)
993 2378 1035 2413 p.
1070 2369 1156 2412 529,
1191 2367 1257 2403 sed
1289 2366 1337 2412 cf.
1365 2366 1475 2412 infra
1499 2368 1564 2411 24,
1591 2369 1626 2403 8.

199 2419 242 2451 21
266 2415 385 2451 timor
405 2415 495 2451 add.
517 2415 568 2451 M
576 2415 618 2451 D
630 2427 666 2460 a,
690 2415 740 2451 K.
758 2416 806 2452 II
821 2416 936 2463 (disp.
959 2417 1008 2453 II
1024 2419 1102 2463 16),
1132 2428 1202 2453 om.
1221 2427 1292 2463 pr,
1314 2416 1413 2461 K.I,
1434 2427 1467 2452 υ.
1491 2415 1628 2464 Stangl

192 2478 232 2512 p.
254 2467 330 2503 222
355 2469 391 2502 et
416 2468 502 2510 667,
523 2465 613 2502 adn.
631 2468 691 2510 10,
712 2466 759 2511 cf.
780 2477 916 2514 paneg).
938 2469 1000 2511 82,
1021 2470 1057 2503 8.
1086 2488 1130 2494 -
1162 2466 1237 2503 Cic.
1260 2466 1316 2503 de.
1330 2477 1382 2503 or.
1405 2467 1431 2502 1
1449 2469 1509 2511 33,
1533 2469 1606 2503 150
1613 2481 1628 2511 ,-

197 2516 249 2552 ad
274 2516 367 2562 fam.
399 2515 481 2552 VII
503 2517 566 2561 25,
593 2518 639 2560 2,·
667 2516 767 2552 Phil.
790 2517 839 2552 11
864 2518 925 2562 36,
954 2520 1023 2561 90,·
1050 2517 1120 2554 Sil.
1143 2518 1192 2554 lt.
1214 2519 1250 2563 4,
1276 2518 1336 2552 25.

1700 2407 1716 2478 snit:
1702 2309 1716 2397 {nu—nd..
1709 2266 1716 2290 ι-
1706 2172 1716 2255 ,Δια-Α..
1710 2084 1716 2156 0⁴1.
