1716 2742
174 150 267 195 214
610 154 614 158 ·
786 145 824 183 c.
847 146 985 183 PL1N1

174 263 287 307 illud
313 263 430 306 iners
466 260 665 318 quidem,
698 261 944 306 iucundum
976 263 1128 304 tamen
1160 259 1275 304 nihil
1308 274 1458 319 agere,
1490 259 1607 304 nihil

175 341 290 383 esse3
330 325 439 368 adeo
479 324 622 367 multa
661 339 732 367 me
770 323 955 382 negotia
994 323 1241 367 amicorum
1280 338 1363 368 nec
1402 323 1607 368 secedere

174 403 256 432 nec
289 387 466 431 studere
498 385 743 443 patiuntur.
808 384 949 429 Nulla
988 385 1107 429 enim
1147 385 1297 430 studia
1334 385 1451 430 tanti
1490 387 1608 444 sunt,

174 454 225 494 ut
271 449 493 494 amicitiae
540 448 742 492 officium
795 447 1043 505 deseratur,
1096 448 1218 506 quod
1270 447 1608 507 religiosissime

174 511 517 556 custodiendum
552 510 700 555 studia
733 511 832 568 ipsa
863 511 1159 568 praecipiunt.
1225 509 1350 555 Vale.
1637 525 1652 552 5

868 628 917 667 X,
973 624 1055 662 lost
1072 617 1135 692 sa
1159 607 1269 661 ‘as-20(

377 717 420 751 C.
449 716 656 751 PLINIUS
684 716 886 751 FABATO
914 715 1215 751 PROSOCERO
1244 716 1340 751 SUO
1369 716 1408 750 S.

269 798 368 852 Quo
403 799 547 858 magis
582 799 708 857 cupis
743 815 798 843 ex
830 799 960 843 nobis
1001 801 1273 856 pronepotes
1313 798 1484 856 videre,
1524 798 1612 843 hoc

174 862 347 907 tristior
380 862 533 906 audies
567 865 748 920 neptem
784 865 910 906 tuam
950 862 1160 906 abortum
1199 861 1378 919 fecisse,
1417 861 1525 905 dum
1565 876 1611 905 se

176 927 500 984 praegnantem
534 940 630 970 esse
664 924 927 983 puellariter
958 924 1104 969 nescit
1142 939 1194 968 ac
1233 939 1314 982 per
1351 923 1441 968 hoc
1480 939 1612 982 quae·
1640 939 1676 967 10

175 989 277 1031 dam
304 987 599 1032 custodienda
624 988 977 1047 praegnantibus
1003 986 1192 1045 omittit,
1218 986 1328 1031 facit
1354 986 1612 1031 omittenda.

176 1051 319 1103 Quem
347 1066 543 1095 errorem
570 1051 746 1110 magnis
775 1050 1057 1095 documentis
1085 1049 1285 1108 expiavit
1310 1049 1359 1093 in
1385 1064 1614 1094 summum

175 1113 425 1170 periculum
461 1111 663 1158 adducta.
729 1112 894 1173 Igitur,
921 1116 973 1157 ut
1006 1128 1186 1157 necesse
1220 1115 1289 1156 est
1321 1112 1519 1172 graviter
1545 1126 1615 1156 ac-

176 1176 315 1234 cipias
350 1178 626 1221 senectutem
658 1178 783 1220 tuam
819 1176 949 1234 quasi
987 1175 1155 1234 paratis
1196 1174 1389 1234 posteris
1431 1174 1615 1220 destitu-

175 1242 288 1296 tam,
321 1239 386 1284 sic
420 1238 553 1283 debes
588 1255 720 1298 agere
753 1238 821 1284 dis
849 1238 1038 1298 gratias,
1065 1238 1186 1296 quod
1213 1237 1278 1282 ita
1303 1237 1389 1282 tibi
1416 1238 1464 1282 in
1489 1253 1615 1296 prae·
1643 1252 1679 1280 15

176 1301 318 1346 sentia
363 1304 635 1359 pronepotes
687 1304 985 1361 negaverunt,
1036 1303 1088 1345 ut
1140 1303 1370 1345 servarent
1420 1302 1617 1358 neptem,

175 1365 277 1409 illos
324 1364 563 1422 reddituri,
609 1380 802 1422 quorum
853 1363 983 1409 nobis
1037 1379 1162 1422 spem
1217 1363 1454 1408 certiorem
1505 1362 1617 1407 haec

175 1427 274 1485 ipsa
318 1442 592 1485 quamquam
632 1443 793 1485 parum
832 1442 1046 1486 prospere
1089 1427 1323 1484 explorata
1364 1425 1616 1471 fecunditas

176 1490 312 1545 facit„
367 1488 516 1535 Isdem
558 1506 680 1535 nunc
720 1505 804 1550 ego
845 1493 890 1534 te
931 1489 1096 1547 quibus
1137 1489 1287 1547 ipsum
1330 1504 1402 1533 me
1443 1488 1617 1546 hortor,

176 1568 356 1610 moneo,
385 1553 615 1597 confirmo.
674 1552 834 1610 Neque
861 1553 982 1597 enim
1009 1552 1237 1596 ardentius
1264 1554 1316 1596 tu
1342 1553 1615 1610 pronepotes
1643 1567 1679 1594 κο

178 1631 313 1672 quam
347 1630 431 1674 ego
465 1615 631 1660 liberos
667 1616 822 1674 cupio,
866 1615 1030 1674 quibus
1063 1615 1220 1659 videor
1253 1630 1279 1659 a
1311 1629 1413 1659 meo
1446 1616 1618 1671 tuoque

176 1679 316 1722 latere
349 1694 544 1736 pronum
579 1679 634 1722 ad
667 1678 863 1723 honores
898 1679 983 1723 iter
1017 1680 1061 1722 et
1088 1677 1243 1722 audita
1268 1677 1405 1722 latius
1432 1677 1619 1721 nomina

179 1744 224 1784 et
266 1756 357 1784 non
402 1741 573 1786 subitas
621 1742 840 1801 imagines
887 1740 1146 1786 relicturus:
1192 1742 1437 1785 nascantur
1482 1739 1617 1784 modo

180 1805 224 1846 et
256 1802 378 1848 hunc
410 1806 616 1848 nostrum
651 1804 854 1849 dolorem
887 1804 1053 1864 gaudio
1088 1803 1282 1848 mutent!
1347 1802 1472 1848 Vale.

867 1921 939 1962 XI,
1018 1902 1112 1949 dm
1141 1923 1187 1944 ’ί
1225 1915 1270 1956 5
1649 1930 1684 1960 25

492 2009 534 2043 C.
562 2010 768 2044 PLINIUS
796 2010 1091 2045 HISPULLAE
1120 2009 1251 2044 SUAE
1280 2009 1318 2044 S.

279 2090 391 2135 Cum
444 2091 670 2136 adfectum
722 2095 851 2136 tuum
905 2107 1011 2152 erga
1062 2092 1214 2136 fratris
1267 2091 1408 2136 filiam
1469 2090 1620 2150 cogito

182 2153 317 2197 etiam
357 2156 559 2198 materna
599 2154 881 2214 indulgentia
923 2156 1199 2213 molliorem,
1241 2154 1457 2214 intellego
1497 2152 1622 2211 prius

181 2215 286 2272 tibi,
326 2216 447 2273 quod
488 2219 555 2261 est
596 2217 841 2275 posterius,
880 2217 1201 2275 nuntiandum,
1242 2219 1294 2262 ut
1332 2218 1625 2275 praesumpta

180 2278 354 2322 laetitia
393 2279 690 2324 sollicitudini
723 2281 875 2325 locum
909 2297 1002 2325 non
1033 2280 1274 2339 relinquat.
1339 2278 1623 2337 Quamquam
1650 2295 1687 2324 so

184 2356 362 2398 vereor,
403 2357 459 2385 ne
493 2344 598 2400 post
631 2343 982 2401 gratulationem
1024 2358 1204 2402 quoque
1237 2342 1286 2386 in
1318 2343 1490 2386 metum
1527 2340 1624 2386 red-

284 2480 305 2513 3
327 2477 419 2514 sunt
440 2489 511 2514 om.
535 2479 594 2521 M,
618 2478 670 2515 Κ.
689 2479 723 2514 1.
829 2482 875 2515 12
897 2478 1146 2516 detrimentis
1169 2477 1307 2516 Gatan.
1418 2480 1463 2513 21
1489 2475 1628 2514 videor

182 2538 206 2562 a
234 2538 320 2564 meo
348 2528 399 2575 B,
428 2528 627 2573 Budaeus,
657 2528 770 2565 video
799 2541 821 2565 a
848 2539 935 2566 meo
963 2541 999 2574 a,
1028 2540 1150 2568 acm.
1173 2528 1234 2573 M,
1256 2527 1308 2564 K.
1332 2528 1366 2564 Ι.
