1716 2742
212 178 303 223 208
826 172 864 210 0,
894 172 1032 218 PLINI

212 291 300 334 iam
352 303 472 333 nunc
523 287 744 345 paciscor:
803 287 949 344 prima
1002 301 1224 344 quaeque,
1281 289 1334 331 ut
1384 286 1644 344 absolveris,

212 353 401 408 mittito,
447 351 586 394 immo
621 350 773 410 etiam*
790 352 892 393 ante
927 364 1062 407 quam
1096 349 1321 407 absolvas,
1362 350 1479 395 sicut
1512 351 1644 394 erunt

211 415 407 459 recentia
450 415 493 456 et
531 412 661 456 rudia
703 414 747 455 et
790 412 937 456 adhuc
984 412 1150 456 similia
1193 413 1493 457 nascentibus.
1558 411 1644 456 Re-

213 476 451 535 spondebis
493 490 587 518 non
629 490 762 532 posse
807 474 991 532 perinde
1045 474 1237 532 carptim
1283 474 1375 533 [ut]
1421 477 1644 532 contexta,

211 539 394 597 perinde
427 537 639 581 inchoata
671 538 848 595 placere
881 539 932 580 ut
966 537 1135 582 effecta.
1182 535 1299 582 Scio.
1351 536 1508 596 Itaque
1542 540 1587 582 et
1620 553 1645 580 a
1672 549 1688 576 5

211 618 280 645 me
314 600 669 645 aestimabuntur
701 602 752 644 ut
786 602 963 658 coepta,
1004 600 1328 658 spectabuntur
1360 602 1411 644 ut
1443 599 1646 645 membra

211 667 544 720 extremamque
567 663 723 706 limam
746 665 871 707 tuam
900 663 1191 720 opperientur
1214 663 1262 706 in
1286 663 1451 707 scrinio
1474 665 1644 707 nostro.

211 726 369 770 Patere
402 725 490 770 hoc
522 741 593 769 me
627 740 760 783 super
793 727 940 770 cetera
972 725 1138 770 habere
1166 725 1332 770 amoris
1364 725 1434 769 tui
1466 725 1647 785 pignus,

211 791 262 832 ut
296 804 347 832 ea
381 802 560 846 quoque
593 789 761 845 norim,
805 804 919 846 quae
952 803 1084 832 nosse
1118 788 1344 832 neminem
1377 788 1526 832 velles.
1592 786 1646 831 In

211 866 385 896 summa
416 853 574 908 potero
609 851 799 895 fortasse
826 851 995 909 scripta
1026 853 1105 895 tua
1131 851 1276 910 magis
1310 851 1518 908 probare,
1551 851 1645 895 lau·
1674 863 1711 890 1⁰

210 914 331 971 dare,
367 916 536 970 quanto
570 914 650 957 illa
674 913 846 958 tardius
875 913 1156 971 cautiusque,
1191 914 1269 958 sed
1302 913 1452 971 ipsum
1477 915 1523 958 18
1556 929 1647 958 ma-

210 977 279 1035 gis
308 977 486 1033 amabo,
519 976 665 1035 magis
692 976 906 1034 laudabo,
935 979 1104 1034 quanto
1134 976 1322 1021 celerius
1350 978 1394 1020 et
1420 976 1646 1021 incautius

210 1039 396 1083 miseris.
462 1037 587 1083 Vale.
1331 1090 1335 1094 ,
1494 1085 1502 1090 ,

904 1106 952 1145 V,
997 1095 1427 1167 Dealisstffaouaems‘
1447 1103 1543 1167 ⁴76ae

585 1181 627 1215 C.
650 1182 856 1216 PLINIUS
885 1181 1084 1216 GEMINO
1115 1182 1211 1216 SUO
1242 1182 1280 1216 S.
1675 1193 1710 1221 15

307 1251 449 1296 Grave
483 1252 646 1295 vulnus
680 1251 908 1296 Macrinus
942 1254 1096 1296 noster
1129 1251 1320 1309 accepit:
1354 1252 1506 1296 amisit
1538 1266 1647 1295 uxo-

211 1330 305 1358 rem
340 1314 581 1373 singularis
627 1314 839 1372 exempli,
883 1314 1018 1358 etiam
1059 1314 1097 1358 si
1132 1314 1241 1358 olim
1281 1314 1452 1358 fuisset.
1518 1313 1648 1357 Vixit

212 1392 314 1421 cum
340 1377 425 1421 1130
452 1377 641 1436 triginta
666 1392 829 1421 novem
858 1377 986 1421 annis
1015 1377 1111 1421 sine
1138 1377 1308 1436 iurgio,
1341 1377 1437 1421 sine
1465 1377 1646 1420 offensa.

213 1439 357 1492 Quam
391 1439 470 1484 illa
501 1440 799 1484 reverentiam
833 1440 995 1484 marito
1024 1455 1104 1484 8110
1139 1439 1384 1497 praestitit,
1419 1454 1523 1484 cum
1550 1439 1649 1496 ipsa

152 1506 158 1511 '
212 1518 432 1546 summam
476 1504 739 1546 mereretur!
784 1505 895 1559 quot
938 1505 1219 1560 quantasque
1262 1503 1451 1547 virtutes
1496 1517 1552 1546 ex
1585 1501 1648 1545 di·
1675 1518 1712 1546 20

211 1566 350 1610 versis
385 1565 606 1609 aetatibus
654 1568 855 1623 sumptas
900 1565 1084 1624 collegit
1136 1568 1180 1609 et
1232 1565 1432 1609 miscuit!
1498 1563 1649 1609 Habet

213 1627 392 1684 quidem
413 1627 639 1672 Macrinus
667 1628 836 1687 grande
865 1628 1100 1685 solacium,
1129 1628 1250 1685 quod
1278 1630 1456 1672 tantum
1476 1628 1647 1672 bonum

212 1692 304 1734 tam
339 1690 415 1734 diu
441 1691 605 1747 tenuit3
639 1691 716 1735 sed
743 1691 850 1735 hinc
877 1691 1020 1750 magis
1049 1691 1358 1748 exacerbatur,
1391 1690 1514 1748 quod
1541 1690 1648 1734 ami-

213 1753 283 1795 sit.
347 1752 465 1797 Nam
499 1753 699 1798 fruendis
744 1754 1057 1811 voluptatibus
1097 1753 1258 1798 crescit
1291 1752 1472 1798 carendi
1505 1752 1647 1797 dolor.

212 1814 303 1859 Ero
339 1830 445 1874 ergo
480 1830 723 1874 suspensus
757 1831 839 1874 pro
881 1817 1063 1861 homine
1098 1816 1394 1874 amicissimo,
1432 1815 1540 1859 dum
1574 1814 1647 1859 ad-
1675 1830 1711 1859 25

212 1878 389 1921 mittere
410 1881 699 1923 avocamenta
725 1882 769 1923 et
794 1879 1050 1924 cicatricem
1071 1879 1168 1937 pati
1187 1879 1346 1937 possit,
1370 1893 1507 1937 quam
1532 1877 1649 1922 nihil

213 1955 352 1996 aeque
380 1955 431 1984 ac
453 1941 694 1986 necessitas
723 1943 820 2000 ipsa
841 1944 886 1986 81
908 1942 1001 1986 (1188
1029 1942 1168 2001 longa
1195 1944 1240 1986 et
1267 1941 1448 1986 satietas
1477 1940 1647 1985 doloris

214 2002 396 2047 inducit.
463 2002 588 2047 Vale.
1119 2041 1128 2054 ,
1320 2053 1326 2056 .

897 2070 968 2110 VI.
994 2049 1127 2085 »ὦ
1159 2054 1351 2119 *ΛΜ-7
1384 2043 1568 2116 ββὲὢς

558 2145 600 2179 0.
623 2147 829 2181 PLINIUS
857 2147 1104 2182 MONTANO
1135 2147 1231 2182 suo
1261 2147 1299 2182 s.
1337 2111 1716 2184 QQ‘fflwJ‘E'S

309 2213 583 2273 Cognovisse
626 2216 714 2259 iam
760 2232 814 2261 ex
854 2217 1049 2275 epistula
1091 2233 1190 2262 mea
1233 2217 1366 2262 debes
1409 2217 1647 2261 adnotasse
1714 2236 1716 2239 ·

213 2292 286 2320 me
317 2292 462 2334 nuper
495 2278 822 2323 monimentum
858 2279 1076 2324 Pallantis
1112 2280 1194 2325 sub
1221 2280 1307 2324 hac
1332 2279 1647 2337 inscriptione:

314 2403 335 2436 2
363 2400 480 2437 mitte
507 2413 542 2437 a.
684 2401 732 2438 4*
760 2403 929 2449 carptim
951 2402 1121 2453 (texta)
1142 2404 1188 2440 ut
1215 2403 1399 2440 contexta
1428 2401 1647 2447 Emestius,

214 2450 383 2497 carptim
411 2450 650 2500 (coniecta)
679 2453 723 2488 ut
757 2454 859 2489 cont.
887 2454 1126 2498 Leithduser,
1161 2452 1329 2500 carptim
1364 2453 1549 2489 contexta
1582 2463 1648 2500 eqo

220 2501 343 2538 Wien.
358 2500 467 2538 Stud.
483 2501 596 2538 XXI
603 2502 637 2538 V
642 2513 682 2548 p.
697 2504 785 2547 311,
799 2503 846 2548 cf.
871 2503 932 2539 VI
939 2506 1001 2547 22,
1015 2506 1063 2549 2‚·
1098 2503 1209 2540 VIII
1216 2506 1275 2548 14,
1290 2505 1339 2540 16
1345 2517 1359 2548 ;
1374 2514 1513 2550 paney.
1527 2504 1590 2548 25,
1608 2506 1647 2547 13

214 2550 299 2588 Seu.
322 2562 379 2598 ep.
401 2554 488 2597 114,
515 2555 574 2588 17.
679 2556 724 2588 12
754 2552 959 2600 magisque
987 2553 1091 2590 laud.
1122 2554 1182 2598 M,
1212 2553 1277 2598 K„
1307 2553 1444 2590 Muell.
