1716 2742
483 109 850 147 EPISTULARUM
880 109 950 147 VH
979 114 1014 156 3,
1042 115 1077 148 4.
1419 113 1507 158 179

58 229 292 272 momento
325 226 372 271 id
402 227 577 285 ipsum,
617 226 739 284 quod
774 242 845 271 me
879 227 934 271 ad
971 226 1258 272 scribendum
1294 227 1507 272 sollicita-

58 291 204 348 verat,
235 290 308 335 his
342 290 547 334 versibus
582 290 783 335 exaravi:

60 376 188 423 Cum
220 377 396 423 libros
439 377 582 423 Galli
621 378 878 437 legerem,
918 379 1115 436 quibus
1157 380 1253 424 ille
1294 381 1509 438 parenti

60 456 225 487 ausus
246 441 307 486 de
328 440 589 487 Cicerone
609 441 735 486 dare
756 445 837 487 est
857 443 1201 500 palmamque
1222 443 1509 502 decusque,

17 521 35 549 5
59 505 328 550 lascivum
363 506 549 550 inveni
580 505 758 550 lusum
793 503 1074 550 Ciceronis
1108 509 1159 550 et
1192 506 1292 551 illo

61 568 421 627 spectandum
455 569 698 628 ingenio,
733 584 836 627 quo
866 570 1009 614 seria
1036 569 1287 614 condidit
1320 573 1372 615 et
1405 586 1508 628 quo

59 630 310 678 humanis
344 632 554 677 salibus
589 633 759 677 multo
795 632 1057 690 varioque
1090 633 1277 690 lepore

61 710 378 754 magnorum
412 695 655 740 ostendit
689 698 893 740 mentes
928 696 1160 755 gaudere
1194 697 1445 742 virorum.

31 757 194 803 -Nam
247 759 514 816 queritur,
578 759 720 817 quod
773 759 962 803 fraude
1016 760 1154 804 mala
1205 761 1508 808 frustratus

0 839 36 866 ιο
1114 826 1382 869 amantem

61 886 295 943 paucula
327 889 519 930 cenato
555 885 660 930 sibi
694 886 880 931 debita
914 887 1063 931 savia
1097 886 1222 931 Tiro

59 952 303 1007 tempore
343 952 614 994 nocturno
657 950 1008 994 subtraxerit.
1076 948 1174 994 His
1215 965 1312 1009 ego
1347 951 1509 996 lectis

63 1011 178 1057 ‘cur
197 1014 322 1070 post
348 1012 503 1057 haec'
531 1013 748 1070 inquam
773 1013 1013 1058 ‘nostros
1043 1014 1278 1058 celamus
1301 1030 1508 1059 amores

55 1075 383 1133 ‘nullumque
444 1076 498 1120 in
557 1076 787 1121 medium
848 1077 1029 1121 timidi
1095 1077 1280 1121 damus
1347 1081 1509 1135 atque

0 1154 34 1184 15
1148 1141 1382 1185 fatemur

60 1201 397 1260 Tironisque
432 1203 606 1260 dolos,
641 1202 867 1248 Tironis
901 1219 1062 1248 nosse
1096 1203 1319 1263 fugaces

59 1264 363 1324 blanditias
404 1269 456 1310 et
497 1266 645 1310 furta
688 1282 858 1311 novas
906 1267 1161 1311 addentia
1210 1267 1510 1312 flammas?'

60 1365 241 1412 Transii
287 1367 343 1412 ad
390 1368 562 1428 elegos.
608 1368 692 1414 ho's
741 1383 923 1427 quoque
970 1384 1063 1413 non
1110 1370 1260 1413 minus
1304 1370 1511 1415 celeriter

61 1431 282 1501 explicui3
333 1431 488 1476 addidi
540 1432 655 1477 alios
714 1432 935 1476 facilitate
995 1435 1249 1490 corruptus.
1335 1432 1510 1478 Deinde

0 1509 35 1538 ιο
61 1494 111 1538 in
142 1494 303 1539 urbem
336 1510 542 1540 reversus
577 1495 809 1547 sodalibus
843 1496 950 1566 legi.¹
1014 1494 1340 1540 Probaverunt.
1399 1495 1511 1542 Inde

61 1557 196 1616 plura
239 1561 400 1615 metra,
446 1559 485 1602 si
529 1559 637 1616 quid
685 1559 787 1616 otii,
833 1559 1028 1603 maxime
1074 1558 1122 1602 in
1164 1559 1325 1603 itinere
1367 1563 1510 1619 temp·

61 1620 168 1665 tavi.
234 1621 472 1666 Postremo
513 1623 688 1680 placuit
728 1623 936 1680 exemplo
978 1623 1228 1666 multorum
1269 1639 1412 1668 unum
1446 1639 1511 1669 se-

62 1684 257 1742 paratim
310 1685 796 1744 hendecasyllaborum
851 1686 1068 1729 volumen
1120 1686 1375 1744 absolvere,
1426 1703 1511 1731 nec

61 1748 275 1806 paenitet.
341 1748 549 1808 Legitur,
603 1748 892 1806 describitur,
946 1752 1155 1793 cantatur
1207 1750 1343 1794 etiam
1373 1754 1443 1799 .et
1486 1767 1512 1795 a

0 1826 36 1855 2⁵
64 1810 246 1856 Graecis
274 1827 475 1869 quoque,
510 1827 625 1869 quos
653 1811 814 1856 Latine
847 1813 983 1856 huius
1009 1812 1155 1857 libelli
1182 1829 1309 1857 amor
1343 1814 1513 1871 docuit,

62 1889 185 1918 nunc
212 1874 407 1932 cithara,
439 1890 561 1919 nunc
587 1875 688 1932 lyra
713 1878 993 1932 personatur.
1049 1875 1138 1920 Sed
1165 1877 1274 1934 quid
1303 1892 1388 1937 ego
1415 1880 1511 1921 tam

63 1937 293 1997 gloriose?
329 1937 615 1996 Quamquam
648 1939 796 1996 poetis
829 1939 979 1983 furere
1013 1954 1277 1984 concessum
1311 1944 1390 1985 est.
1451 1941 1513 1985 Et

62 2004 216 2045 tamen
261 2016 356 2045 non
399 2001 453 2045 de
500 2016 622 2058 meo,
669 2002 746 2046 sed
786 2003 841 2046 de
888 2003 1081 2047 aliorum
1118 2003 1288 2048 iudicio
1328 2005 1512 2062 loquor3

65 2065 143 2122 qui
190 2064 285 2109 sive
335 2064 537 2109 iudicant
590 2065 684 2109 sive
737 2069 908 2124 errant,
960 2069 1032 2110 me
1084 2067 1290 2112 delectat.
1356 2066 1511 2112 Unum

0 2137 39 2171 su
63 2143 245 2186 precor,
296 2130 348 2172 ut
399 2128 570 2185 posteri
624 2143 806 2186 quoque
858 2132 938 2173 aut
983 2133 1133 2174 errent
1179 2130 1388 2174 similiter
1434 2136 1513 2175 aut

63 2191 278 2236 iudicent.
344 2190 469 2236 Vale.

166 2308 190 2340 4
218 2303 334 2341 daret
361 2304 482 2350 codd„
511 2304 605 2341 dare
634 2306 694 2340 est
716 2305 882 2342 Gasaub.
989 2308 1034 2341 19
1063 2305 1162 2342 alios
1186 2307 1265 2342 Ma·
1292 2315 1370 2351 ςα,
1400 2306 1452 2343 K.
1475 2307 1511 2351 1,

66 2356 203 2400 Mem,
224 2355 274 2400 cf.
295 2366 418 2402 supra
432 2355 462 2392 I
472 2358 507 2401 1,
520 2357 557 2400 2,
581 2354 683 2392 altos
698 2355 796 2402 Dp,
817 2355 972 2393 iambos
988 2356 1169 2393 Momms.
1187 2357 1320 2394 Herm.
1337 2357 1415 2393 III
1425 2359 1511 2402 105,

67 2405 120 2442 K.
133 2406 188 2451 Π,
210 2405 349 2443 Muell.
449 2409 494 2442 21
518 2416 565 2442 ac
581 2411 672 2453 post
691 2405 763 2442 otii
784 2407 874 2444 add.
892 2408 954 2452 M,
969 2407 1121 2452 Muell„
1136 2418 1207 2444 om.
1223 2407 1305 2444 rell.
1391 2411 1439 2443 27
1461 2408 1511 2454 cf.

67 2456 145 2493 Cic.
168 2456 215 2493 de
234 2456 311 2494 div.
333 2456 364 2493 I
378 2458 441 2502 37,
462 2460 512 2494 80
520 2472 533 2502 ,·
560 2456 605 2493 de
625 2461 721 2493 orat.
745 2458 797 2493 II
813 2460 878 2503 46,
901 2460 987 2503 194,
1014 2458 1064 2493 al.
1171 2461 1217 2494 29
1247 2457 1422 2495 delectat
1451 2459 1510 2505 M,

67 2506 216 2555 S‘tanyl,
246 2507 398 2552 Muell.,
426 2507 629 2544 delectant
657 2508 737 2544 rell.

1212 2596 1283 2633 1-2*

1536 393 1558 426 6

1540 1890 1587 1923 10
