<?xml version="1.0" encoding="UTF-8"?>
<!DOCTYPE html PUBLIC "-//W3C//DTD XHTML 1.0 Transitional//EN"
    "http://www.w3.org/TR/xhtml1/DTD/xhtml1-transitional.dtd">
<html xmlns="http://www.w3.org/1999/xhtml" xml:lang="en" lang="en">
 <head>
  <title>
</title>
<meta http-equiv="Content-Type" content="text/html;charset=utf-8" />
  <meta name='ocr-system' content='tesseract 3.04.00' />
  <meta name='ocr-capabilities' content='ocr_page ocr_carea ocr_par ocr_line ocrx_word'/>
</head>
<body>
  <div class='ocr_page' id='page_1' title='image "./epistularumlibr00plin_0185.png"; bbox 0 0 1630 2678; ppageno 0'>
   <div class='ocr_carea' id='block_1_1' title="bbox 485 143 1493 190">
    <p class='ocr_par' dir='ltr' id='par_1_1' title="bbox 485 143 1493 190">
     <span class='ocr_line' id='line_1_1' title="bbox 485 143 1493 190; baseline 0.002 -9"><span class='ocrx_word' id='word_1_1' title='bbox 485 143 842 181; x_wconf 85' lang='lat' dir='ltr'>EPISTULARUM</span> <span class='ocrx_word' id='word_1_2' title='bbox 867 144 919 180; x_wconf 93' lang='lat' dir='ltr'><strong>VI</strong></span> <span class='ocrx_word' id='word_1_3' title='bbox 947 147 1102 181; x_wconf 77' lang='lat'><strong>27—29.</strong></span> <span class='ocrx_word' id='word_1_4' title='bbox 1407 146 1493 190; x_wconf 86' lang='lat'><strong>169</strong></span> 
     </span>
    </p>
   </div>
   <div class='ocr_carea' id='block_1_2' title="bbox 90 256 1541 436">
    <p class='ocr_par' dir='ltr' id='par_1_2' title="bbox 90 256 1541 436">
     <span class='ocr_line' id='line_1_2' title="bbox 90 256 1493 315; baseline -0.003 -12"><span class='ocrx_word' id='word_1_5' title='bbox 90 256 179 302; x_wconf 73' lang='lat' dir='ltr'><strong>nisi</strong></span> <span class='ocrx_word' id='word_1_6' title='bbox 209 256 463 303; x_wconf 68' lang='lat' dir='ltr'><strong>adhibueris</strong></span> <span class='ocrx_word' id='word_1_7' title='bbox 497 256 695 313; x_wconf 90' lang='lat' dir='ltr'><strong>modum,</strong></span> <span class='ocrx_word' id='word_1_8' title='bbox 728 271 811 315; x_wconf 84' lang='lat' dir='ltr'><strong>ego</strong></span> <span class='ocrx_word' id='word_1_9' title='bbox 838 257 1074 313; x_wconf 88' lang='lat' dir='ltr'><strong>adhibebo;</strong></span> <span class='ocrx_word' id='word_1_10' title='bbox 1107 259 1151 300; x_wconf 94' lang='lat' dir='ltr'><strong>et</strong></span> <span class='ocrx_word' id='word_1_11' title='bbox 1182 257 1270 300; x_wconf 91' lang='lat' dir='ltr'><strong>iam</strong></span> <span class='ocrx_word' id='word_1_12' title='bbox 1302 257 1391 300; x_wconf 90' lang='lat' dir='ltr'><strong>tuis</strong></span> <span class='ocrx_word' id='word_1_13' title='bbox 1424 256 1493 300; x_wconf 86' lang='lat' dir='ltr'><strong>de-</strong></span> 
     </span>
     <span class='ocr_line' id='line_1_3' title="bbox 90 317 1494 374; baseline -0.002 -10"><span class='ocrx_word' id='word_1_14' title='bbox 90 317 312 374; x_wconf 68' lang='lat' dir='ltr'><strong>nuntiavi,</strong></span> <span class='ocrx_word' id='word_1_15' title='bbox 348 317 388 362; x_wconf 92' lang='lat' dir='ltr'><strong>si</strong></span> <span class='ocrx_word' id='word_1_16' title='bbox 418 332 570 362; x_wconf 88' lang='lat' dir='ltr'><strong>rursus</strong></span> <span class='ocrx_word' id='word_1_17' title='bbox 602 321 694 362; x_wconf 87' lang='lat' dir='ltr'><strong>tam</strong></span> <span class='ocrx_word' id='word_1_18' title='bbox 726 318 867 362; x_wconf 89' lang='lat' dir='ltr'><strong>multa</strong></span> <span class='ocrx_word' id='word_1_19' title='bbox 899 318 1169 374; x_wconf 77' lang='lat' dir='ltr'><strong>attulissent,</strong></span> <span class='ocrx_word' id='word_1_20' title='bbox 1207 318 1356 361; x_wconf 91' lang='lat' dir='ltr'><strong>omnia</strong></span> <span class='ocrx_word' id='word_1_21' title='bbox 1387 318 1494 361; x_wconf 88' lang='lat' dir='ltr'><strong>rela-</strong></span> 
     </span>
     <span class='ocr_line' id='line_1_4' title="bbox 90 378 1541 436; baseline -0.002 -11"><span class='ocrx_word' id='word_1_22' title='bbox 90 382 227 425; x_wconf 80' lang='lat' dir='ltr'><strong>turos.</strong></span> <span class='ocrx_word' id='word_1_23' title='bbox 277 378 409 424; x_wconf 81' lang='lat' dir='ltr'><strong>Dices</strong></span> <span class='ocrx_word' id='word_1_24' title='bbox 430 381 634 436; x_wconf 84' lang='lat' dir='ltr'><strong>oportere</strong></span> <span class='ocrx_word' id='word_1_25' title='bbox 654 394 724 423; x_wconf 90' lang='lat' dir='ltr'><strong>me</strong></span> <span class='ocrx_word' id='word_1_26' title='bbox 744 379 832 423; x_wconf 92' lang='lat' dir='ltr'><strong>tuis</strong></span> <span class='ocrx_word' id='word_1_27' title='bbox 852 379 983 423; x_wconf 88' lang='lat' dir='ltr'><strong>rebus</strong></span> <span class='ocrx_word' id='word_1_28' title='bbox 1003 381 1055 423; x_wconf 88' lang='lat' dir='ltr'><strong>ut</strong></span> <span class='ocrx_word' id='word_1_29' title='bbox 1074 379 1182 423; x_wconf 91' lang='lat' dir='ltr'><strong>meis</strong></span> <span class='ocrx_word' id='word_1_30' title='bbox 1203 379 1270 422; x_wconf 93' lang='lat' dir='ltr'><strong>uti</strong></span> <span class='ocrx_word' id='word_1_31' title='bbox 1325 379 1493 423; x_wconf 86' lang='lat' dir='ltr'><strong>Etiam:</strong></span> <span class='ocrx_word' id='word_1_32' title='bbox 1521 390 1541 420; x_wconf 91' lang='lat'><strong>3</strong></span> 
     </span>
    </p>
   </div>
   <div class='ocr_carea' id='block_1_3' title="bbox 51 439 1093 499">
    <p class='ocr_par' dir='ltr' id='par_1_3' title="bbox 51 439 1093 499">
     <span class='ocr_line' id='line_1_5' title="bbox 51 439 1093 499; baseline -0.002 -13"><span class='ocrx_word' id='word_1_33' title='bbox 51 475 54 478; x_wconf 59' lang='grc'><strong><em>«</em></strong></span> <span class='ocrx_word' id='word_1_34' title='bbox 90 439 168 486; x_wconf 86' lang='lat' dir='ltr'><strong>sed</strong></span> <span class='ocrx_word' id='word_1_35' title='bbox 198 440 380 499; x_wconf 77' lang='lat' dir='ltr'><strong>perinde</strong></span> <span class='ocrx_word' id='word_1_36' title='bbox 413 440 502 484; x_wconf 89' lang='lat' dir='ltr'><strong>illis</strong></span> <span class='ocrx_word' id='word_1_37' title='bbox 535 455 586 484; x_wconf 93' lang='lat' dir='ltr'><strong>ac</strong></span> <span class='ocrx_word' id='word_1_38' title='bbox 618 442 727 484; x_wconf 90' lang='lat' dir='ltr'><strong>meis</strong></span> <span class='ocrx_word' id='word_1_39' title='bbox 760 455 905 497; x_wconf 89' lang='lat' dir='ltr'><strong>parco.</strong></span> <span class='ocrx_word' id='word_1_40' title='bbox 969 440 1093 484; x_wconf 83' lang='lat' dir='ltr'>Vale.</span> 
     </span>
    </p>
   </div>
   <div class='ocr_carea' id='block_1_4' title="bbox 30 919 67 946">
    <p class='ocr_par' dir='ltr' id='par_1_4' title="bbox 30 919 67 946">
     <span class='ocr_line' id='line_1_6' title="bbox 30 919 67 946; baseline 0.027 -1"><span class='ocrx_word' id='word_1_41' title='bbox 30 919 67 946; x_wconf 81' lang='lat'><strong>10</strong></span> 
     </span>
    </p>
   </div>
   <div class='ocr_carea' id='block_1_5' title="bbox 30 1225 64 1253">
    <p class='ocr_par' dir='ltr' id='par_1_5' title="bbox 30 1225 64 1253">
     <span class='ocr_line' id='line_1_7' title="bbox 30 1225 64 1253; baseline 0.029 -1"><span class='ocrx_word' id='word_1_42' title='bbox 30 1225 64 1253; x_wconf 79' lang='lat'><strong>15</strong></span> 
     </span>
    </p>
   </div>
   <div class='ocr_carea' id='block_1_6' title="bbox 28 1836 63 1864">
    <p class='ocr_par' dir='ltr' id='par_1_6' title="bbox 28 1836 63 1864">
     <span class='ocr_line' id='line_1_8' title="bbox 28 1836 63 1864; baseline 0.029 -1"><span class='ocrx_word' id='word_1_43' title='bbox 28 1836 63 1864; x_wconf 75' lang='lat'><strong>25</strong></span> 
     </span>
    </p>
   </div>
   <div class='ocr_carea' id='block_1_7' title="bbox 418 543 1335 682">
    <p class='ocr_par' dir='ltr' id='par_1_7' title="bbox 418 543 1335 682">
     <span class='ocr_line' id='line_1_9' title="bbox 718 543 1335 597; baseline -0.005 -5"><span class='ocrx_word' id='word_1_44' title='bbox 718 554 865 593; x_wconf 79' lang='lat' dir='ltr'>XXIX.</span> <span class='ocrx_word' id='word_1_45' title='bbox 934 543 1070 597; x_wconf 50' lang='lat' dir='ltr'><strong>dana</strong></span> <span class='ocrx_word' id='word_1_46' title='bbox 1094 557 1136 595; x_wconf 54' lang='grc' dir='ltr'><em>ὦ</em></span> <span class='ocrx_word' id='word_1_47' title='bbox 1154 555 1335 591; x_wconf 64' lang='lat' dir='ltr'><strong>adm-c</strong></span> 
     </span>
     <span class='ocr_line' id='line_1_10' title="bbox 418 641 1173 682; baseline -0.003 -7"><span class='ocrx_word' id='word_1_48' title='bbox 418 641 460 675; x_wconf 88' lang='lat' dir='ltr'><strong>c.</strong></span> <span class='ocrx_word' id='word_1_49' title='bbox 484 641 685 675; x_wconf 84' lang='lat' dir='ltr'>PLINIUS</span> <span class='ocrx_word' id='word_1_50' title='bbox 714 641 987 682; x_wconf 78' lang='lat' dir='ltr'><strong>QUADRATO</strong></span> <span class='ocrx_word' id='word_1_51' title='bbox 1015 642 1109 674; x_wconf 72' lang='lat' dir='ltr'><strong>sm</strong></span> <span class='ocrx_word' id='word_1_52' title='bbox 1137 641 1173 675; x_wconf 85' lang='lat' dir='ltr'><strong>s.</strong></span> 
     </span>
    </p>
   </div>
   <div class='ocr_carea' id='block_1_8' title="bbox 87 720 1542 2309">
    <p class='ocr_par' dir='ltr' id='par_1_8' title="bbox 87 720 1542 2309">
     <span class='ocr_line' id='line_1_11' title="bbox 181 720 1541 779; baseline -0.001 -13"><span class='ocrx_word' id='word_1_53' title='bbox 181 720 371 779; x_wconf 85' lang='lat' dir='ltr'><strong>Avidius</strong></span> <span class='ocrx_word' id='word_1_54' title='bbox 398 720 602 778; x_wconf 81' lang='lat' dir='ltr'><strong>Quietus,</strong></span> <span class='ocrx_word' id='word_1_55' title='bbox 635 721 711 778; x_wconf 91' lang='lat' dir='ltr'><strong>qui</strong></span> <span class='ocrx_word' id='word_1_56' title='bbox 744 737 813 764; x_wconf 94' lang='lat' dir='ltr'><strong>me</strong></span> <span class='ocrx_word' id='word_1_57' title='bbox 840 721 968 765; x_wconf 91' lang='lat' dir='ltr'><strong>unice</strong></span> <span class='ocrx_word' id='word_1_58' title='bbox 1001 721 1158 765; x_wconf 88' lang='lat' dir='ltr'><strong>dilexit</strong></span> <span class='ocrx_word' id='word_1_59' title='bbox 1189 724 1251 778; x_wconf 88' lang='lat' dir='ltr'><strong>et,</strong></span> <span class='ocrx_word' id='word_1_60' title='bbox 1284 736 1372 777; x_wconf 87' lang='lat' dir='ltr'><strong>quo</strong></span> <span class='ocrx_word' id='word_1_61' title='bbox 1404 736 1495 764; x_wconf 90' lang='lat' dir='ltr'><strong>non</strong></span> <span class='ocrx_word' id='word_1_62' title='bbox 1522 732 1541 764; x_wconf 93' lang='lat'>1</span> 
     </span>
     <span class='ocr_line' id='line_1_12' title="bbox 90 781 1496 843; baseline -0.001 -16"><span class='ocrx_word' id='word_1_63' title='bbox 90 783 237 828; x_wconf 89' lang='lat' dir='ltr'><strong>minus</strong></span> <span class='ocrx_word' id='word_1_64' title='bbox 269 782 460 843; x_wconf 85' lang='lat' dir='ltr'><strong>gaudeo,</strong></span> <span class='ocrx_word' id='word_1_65' title='bbox 498 783 723 840; x_wconf 83' lang='lat' dir='ltr'><strong>probavit,</strong></span> <span class='ocrx_word' id='word_1_66' title='bbox 760 785 810 825; x_wconf 90' lang='lat' dir='ltr'><strong>ut</strong></span> <span class='ocrx_word' id='word_1_67' title='bbox 842 783 983 826; x_wconf 88' lang='lat' dir='ltr'><strong>multa</strong></span> <span class='ocrx_word' id='word_1_68' title='bbox 1021 783 1108 826; x_wconf 89' lang='lat' dir='ltr'><strong>alia</strong></span> <span class='ocrx_word' id='word_1_69' title='bbox 1140 782 1357 826; x_wconf 84' lang='lat' dir='ltr'><strong>Thraseae</strong></span> <span class='ocrx_word' id='word_1_70' title='bbox 1390 781 1496 840; x_wconf 83' lang='lat' dir='ltr'><strong>(fuit</strong></span> 
     </span>
     <span class='ocr_line' id='line_1_13' title="bbox 91 842 1494 903; baseline -0.001 -14"><span class='ocrx_word' id='word_1_71' title='bbox 91 845 209 889; x_wconf 88' lang='lat' dir='ltr'><strong>enim</strong></span> <span class='ocrx_word' id='word_1_72' title='bbox 250 842 502 903; x_wconf 87' lang='lat' dir='ltr'><strong>familiaris)</strong></span> <span class='ocrx_word' id='word_1_73' title='bbox 549 844 612 888; x_wconf 92' lang='lat' dir='ltr'><strong>ita</strong></span> <span class='ocrx_word' id='word_1_74' title='bbox 652 843 738 888; x_wconf 93' lang='lat' dir='ltr'><strong>hoc</strong></span> <span class='ocrx_word' id='word_1_75' title='bbox 786 859 914 901; x_wconf 85' lang='lat' dir='ltr'><strong>saepe</strong></span> <span class='ocrx_word' id='word_1_76' title='bbox 956 844 1193 901; x_wconf 87' lang='lat' dir='ltr'><strong>referebat,</strong></span> <span class='ocrx_word' id='word_1_77' title='bbox 1243 843 1494 901; x_wconf 85' lang='lat' dir='ltr'><strong>praecipere</strong></span> 
     </span>
     <span class='ocr_line' id='line_1_14' title="bbox 91 905 1495 963; baseline -0.002 -12"><span class='ocrx_word' id='word_1_78' title='bbox 91 905 274 951; x_wconf 89' lang='lat' dir='ltr'><strong>solitum</strong></span> <span class='ocrx_word' id='word_1_79' title='bbox 319 905 621 963; x_wconf 88' lang='lat' dir='ltr'><strong>suscipiendas</strong></span> <span class='ocrx_word' id='word_1_80' title='bbox 667 920 760 949; x_wconf 89' lang='lat' dir='ltr'><strong>esse</strong></span> <span class='ocrx_word' id='word_1_81' title='bbox 806 920 959 949; x_wconf 80' lang='lat' dir='ltr'><strong>causas</strong></span> <span class='ocrx_word' id='word_1_82' title='bbox 1006 909 1082 949; x_wconf 87' lang='lat' dir='ltr'><strong>aut</strong></span> <span class='ocrx_word' id='word_1_83' title='bbox 1129 906 1372 948; x_wconf 90' lang='lat' dir='ltr'><strong>amicorum</strong></span> <span class='ocrx_word' id='word_1_84' title='bbox 1419 908 1495 948; x_wconf 84' lang='lat' dir='ltr'><strong>aut</strong></span> 
     </span>
     <span class='ocr_line' id='line_1_15' title="bbox 91 965 1542 1035; baseline -0.002 -24"><span class='ocrx_word' id='word_1_85' title='bbox 91 966 323 1012; x_wconf 83' lang='lat' dir='ltr'><strong>destitutas</strong></span> <span class='ocrx_word' id='word_1_86' title='bbox 350 969 427 1011; x_wconf 91' lang='lat' dir='ltr'><strong>aut</strong></span> <span class='ocrx_word' id='word_1_87' title='bbox 451 967 506 1010; x_wconf 92' lang='lat' dir='ltr'><strong>ad</strong></span> <span class='ocrx_word' id='word_1_88' title='bbox 533 967 784 1024; x_wconf 89' lang='lat' dir='ltr'><strong>exemplum</strong></span> <span class='ocrx_word' id='word_1_89' title='bbox 806 966 1086 1023; x_wconf 72' lang='lat' dir='ltr'><strong>pertinentes</strong></span> <span class='ocrx_word' id='word_1_90' title='bbox 1122 965 1210 1010; x_wconf 89' lang='lat' dir='ltr'><strong>Cur</strong></span> <span class='ocrx_word' id='word_1_91' title='bbox 1235 967 1492 1035; x_wconf 83' lang='lat' dir='ltr'><strong>amicorum,</strong></span> <span class='ocrx_word' id='word_1_92' title='bbox 1520 977 1542 1008; x_wconf 81' lang='lat'><strong>2</strong></span> 
     </span>
     <span class='ocr_line' id='line_1_16' title="bbox 88 1026 1494 1087; baseline -0.001 -15"><span class='ocrx_word' id='word_1_93' title='bbox 88 1042 181 1073; x_wconf 89' lang='lat' dir='ltr'><strong>non</strong></span> <span class='ocrx_word' id='word_1_94' title='bbox 211 1031 314 1087; x_wconf 83' lang='lat' dir='ltr'><strong>eget</strong></span> <span class='ocrx_word' id='word_1_95' title='bbox 342 1027 716 1086; x_wconf 81' lang='lat' dir='ltr'><strong>interpretatione.</strong></span> <span class='ocrx_word' id='word_1_96' title='bbox 781 1026 868 1071; x_wconf 91' lang='lat' dir='ltr'><strong>Cur</strong></span> <span class='ocrx_word' id='word_1_97' title='bbox 894 1027 1156 1071; x_wconf 78' lang='lat' dir='ltr'><strong>destitutas?</strong></span> <span class='ocrx_word' id='word_1_98' title='bbox 1190 1028 1307 1084; x_wconf 88' lang='lat' dir='ltr'><strong>quod</strong></span> <span class='ocrx_word' id='word_1_99' title='bbox 1335 1027 1380 1070; x_wconf 91' lang='lat' dir='ltr'><strong>in</strong></span> <span class='ocrx_word' id='word_1_100' title='bbox 1405 1027 1494 1070; x_wconf 93' lang='lat' dir='ltr'><strong>illis</strong></span> 
     </span>
     <span class='ocr_line' id='line_1_17' title="bbox 90 1088 1494 1148; baseline -0.001 -14"><span class='ocrx_word' id='word_1_101' title='bbox 90 1088 280 1134; x_wconf 84' lang='lat' dir='ltr'><strong>maxime</strong></span> <span class='ocrx_word' id='word_1_102' title='bbox 313 1092 357 1133; x_wconf 90' lang='lat' dir='ltr'><strong>et</strong></span> <span class='ocrx_word' id='word_1_103' title='bbox 388 1089 638 1134; x_wconf 86' lang='lat' dir='ltr'><strong>constantia</strong></span> <span class='ocrx_word' id='word_1_104' title='bbox 669 1089 840 1148; x_wconf 89' lang='lat' dir='ltr'><strong>agentis</strong></span> <span class='ocrx_word' id='word_1_105' title='bbox 873 1091 917 1132; x_wconf 88' lang='lat' dir='ltr'><strong>et</strong></span> <span class='ocrx_word' id='word_1_106' title='bbox 948 1089 1200 1133; x_wconf 90' lang='lat' dir='ltr'><strong>humanitas</strong></span> <span class='ocrx_word' id='word_1_107' title='bbox 1233 1091 1494 1132; x_wconf 89' lang='lat' dir='ltr'><strong>cerneretur.</strong></span> 
     </span>
     <span class='ocr_line' id='line_1_18' title="bbox 90 1149 1495 1208; baseline -0.001 -13"><span class='ocrx_word' id='word_1_108' title='bbox 90 1149 180 1195; x_wconf 87' lang='lat' dir='ltr'><strong>Cur</strong></span> <span class='ocrx_word' id='word_1_109' title='bbox 208 1150 478 1208; x_wconf 82' lang='lat' dir='ltr'><strong>pertinentes</strong></span> <span class='ocrx_word' id='word_1_110' title='bbox 505 1150 559 1194; x_wconf 87' lang='lat' dir='ltr'><strong>ad</strong></span> <span class='ocrx_word' id='word_1_111' title='bbox 586 1149 867 1208; x_wconf 83' lang='lat' dir='ltr'><strong>exemplum?</strong></span> <span class='ocrx_word' id='word_1_112' title='bbox 900 1151 1003 1207; x_wconf 91' lang='lat' dir='ltr'><strong>quia</strong></span> <span class='ocrx_word' id='word_1_113' title='bbox 1028 1151 1269 1207; x_wconf 88' lang='lat' dir='ltr'><strong>plurimum</strong></span> <span class='ocrx_word' id='word_1_114' title='bbox 1301 1150 1495 1205; x_wconf 86' lang='lat' dir='ltr'><strong>referret,</strong></span> 
     </span>
     <span class='ocr_line' id='line_1_19' title="bbox 90 1211 1542 1270; baseline -0.001 -14"><span class='ocrx_word' id='word_1_115' title='bbox 90 1211 257 1256; x_wconf 90' lang='lat' dir='ltr'><strong>bonum</strong></span> <span class='ocrx_word' id='word_1_116' title='bbox 297 1227 355 1256; x_wconf 88' lang='lat' dir='ltr'><strong>an</strong></span> <span class='ocrx_word' id='word_1_117' title='bbox 395 1213 561 1256; x_wconf 89' lang='lat' dir='ltr'><strong>malum</strong></span> <span class='ocrx_word' id='word_1_118' title='bbox 600 1211 892 1256; x_wconf 85' lang='lat' dir='ltr'><strong>induceretur.</strong></span> <span class='ocrx_word' id='word_1_119' title='bbox 956 1211 1027 1255; x_wconf 92' lang='lat' dir='ltr'><strong>Ad</strong></span> <span class='ocrx_word' id='word_1_120' title='bbox 1063 1212 1172 1255; x_wconf 90' lang='lat' dir='ltr'><strong>haec</strong></span> <span class='ocrx_word' id='word_1_121' title='bbox 1211 1226 1292 1270; x_wconf 86' lang='lat' dir='ltr'><strong>ego</strong></span> <span class='ocrx_word' id='word_1_122' title='bbox 1333 1226 1494 1269; x_wconf 86' lang='lat' dir='ltr'><strong>genera</strong></span> <span class='ocrx_word' id='word_1_123' title='bbox 1521 1222 1542 1255; x_wconf 81' lang='lat'>3</span> 
     </span>
     <span class='ocr_line' id='line_1_20' title="bbox 90 1273 1496 1329; baseline -0.002 -11"><span class='ocrx_word' id='word_1_124' title='bbox 90 1287 323 1318; x_wconf 88' lang='lat' dir='ltr'><strong>causarum</strong></span> <span class='ocrx_word' id='word_1_125' title='bbox 364 1273 596 1317; x_wconf 79' lang='lat' dir='ltr'><strong>ambitiose</strong></span> <span class='ocrx_word' id='word_1_126' title='bbox 639 1273 848 1329; x_wconf 85' lang='lat' dir='ltr'><strong>fortasse,</strong></span> <span class='ocrx_word' id='word_1_127' title='bbox 889 1273 1046 1316; x_wconf 86' lang='lat' dir='ltr'><strong>addam</strong></span> <span class='ocrx_word' id='word_1_128' title='bbox 1086 1276 1234 1316; x_wconf 89' lang='lat' dir='ltr'><strong>tamen</strong></span> <span class='ocrx_word' id='word_1_129' title='bbox 1273 1273 1411 1316; x_wconf 88' lang='lat' dir='ltr'><strong>claras</strong></span> <span class='ocrx_word' id='word_1_130' title='bbox 1451 1275 1496 1316; x_wconf 93' lang='lat' dir='ltr'><strong>et</strong></span> 
     </span>
     <span class='ocr_line' id='line_1_21' title="bbox 90 1333 1495 1392; baseline -0.001 -13"><span class='ocrx_word' id='word_1_131' title='bbox 90 1334 311 1379; x_wconf 78' lang='lat' dir='ltr'><strong>inlustres.</strong></span> <span class='ocrx_word' id='word_1_132' title='bbox 363 1333 569 1391; x_wconf 88' lang='lat' dir='ltr'><strong>Aequum</strong></span> <span class='ocrx_word' id='word_1_133' title='bbox 603 1338 670 1378; x_wconf 92' lang='lat' dir='ltr'><strong>est</strong></span> <span class='ocrx_word' id='word_1_134' title='bbox 702 1335 819 1378; x_wconf 90' lang='lat' dir='ltr'><strong>enim</strong></span> <span class='ocrx_word' id='word_1_135' title='bbox 848 1349 976 1392; x_wconf 86' lang='lat' dir='ltr'><strong>agere</strong></span> <span class='ocrx_word' id='word_1_136' title='bbox 1008 1349 1099 1377; x_wconf 90' lang='lat' dir='ltr'><strong>non</strong></span> <span class='ocrx_word' id='word_1_137' title='bbox 1124 1349 1368 1390; x_wconf 87' lang='lat' dir='ltr'><strong>numquam</strong></span> <span class='ocrx_word' id='word_1_138' title='bbox 1401 1334 1495 1391; x_wconf 88' lang='lat' dir='ltr'><strong>glo-</strong></span> 
     </span>
     <span class='ocr_line' id='line_1_22' title="bbox 89 1394 1495 1452; baseline -0.001 -12"><span class='ocrx_word' id='word_1_139' title='bbox 89 1395 181 1440; x_wconf 89' lang='lat' dir='ltr'><strong>riae</strong></span> <span class='ocrx_word' id='word_1_140' title='bbox 218 1398 264 1440; x_wconf 87' lang='lat' dir='ltr'><strong>et</strong></span> <span class='ocrx_word' id='word_1_141' title='bbox 300 1395 462 1451; x_wconf 87' lang='lat' dir='ltr'><strong>famae,</strong></span> <span class='ocrx_word' id='word_1_142' title='bbox 505 1396 549 1439; x_wconf 89' lang='lat' dir='ltr'><strong>id</strong></span> <span class='ocrx_word' id='word_1_143' title='bbox 591 1398 658 1440; x_wconf 90' lang='lat' dir='ltr'><strong>est</strong></span> <span class='ocrx_word' id='word_1_144' title='bbox 696 1411 838 1452; x_wconf 90' lang='lat' dir='ltr'><strong>suam,</strong></span> <span class='ocrx_word' id='word_1_145' title='bbox 882 1410 1070 1439; x_wconf 86' lang='lat' dir='ltr'><strong>causam.</strong></span> <span class='ocrx_word' id='word_1_146' title='bbox 1133 1394 1228 1439; x_wconf 92' lang='lat' dir='ltr'><strong>Hos</strong></span> <span class='ocrx_word' id='word_1_147' title='bbox 1268 1395 1495 1450; x_wconf 86' lang='lat' dir='ltr'><strong>terminos,</strong></span> 
     </span>
     <span class='ocr_line' id='line_1_23' title="bbox 91 1456 1494 1515; baseline -0.002 -14"><span class='ocrx_word' id='word_1_148' title='bbox 91 1457 196 1515; x_wconf 88' lang='lat' dir='ltr'><strong>quia</strong></span> <span class='ocrx_word' id='word_1_149' title='bbox 226 1472 298 1501; x_wconf 92' lang='lat' dir='ltr'><strong>me</strong></span> <span class='ocrx_word' id='word_1_150' title='bbox 330 1457 612 1513; x_wconf 90' lang='lat' dir='ltr'><strong>consuluisti,</strong></span> <span class='ocrx_word' id='word_1_151' title='bbox 644 1457 851 1515; x_wconf 83' lang='lat' dir='ltr'><strong>dignitati</strong></span> <span class='ocrx_word' id='word_1_152' title='bbox 879 1471 929 1500; x_wconf 86' lang='lat' dir='ltr'><strong>ac</strong></span> <span class='ocrx_word' id='word_1_153' title='bbox 956 1456 1242 1500; x_wconf 86' lang='lat' dir='ltr'><strong>verecundiae</strong></span> <span class='ocrx_word' id='word_1_154' title='bbox 1275 1459 1376 1499; x_wconf 85' lang='lat' dir='ltr'><strong>tuae</strong></span> <span class='ocrx_word' id='word_1_155' title='bbox 1409 1459 1494 1499; x_wconf 89' lang='lat' dir='ltr'><strong>sta-</strong></span> 
     </span>
     <span class='ocr_line' id='line_1_24' title="bbox 89 1517 1541 1576; baseline -0.001 -14"><span class='ocrx_word' id='word_1_156' title='bbox 89 1520 179 1563; x_wconf 83' lang='lat' dir='ltr'><strong>tuo.</strong></span> <span class='ocrx_word' id='word_1_157' title='bbox 236 1517 333 1563; x_wconf 87' lang='lat' dir='ltr'><strong>Nec</strong></span> <span class='ocrx_word' id='word_1_158' title='bbox 359 1533 427 1563; x_wconf 92' lang='lat' dir='ltr'><strong>me</strong></span> <span class='ocrx_word' id='word_1_159' title='bbox 453 1518 664 1576; x_wconf 85' lang='lat' dir='ltr'><strong>praeterit</strong></span> <span class='ocrx_word' id='word_1_160' title='bbox 689 1534 817 1562; x_wconf 88' lang='lat' dir='ltr'><strong>usum</strong></span> <span class='ocrx_word' id='word_1_161' title='bbox 845 1521 888 1561; x_wconf 86' lang='lat' dir='ltr'><strong>et</strong></span> <span class='ocrx_word' id='word_1_162' title='bbox 908 1532 1002 1561; x_wconf 88' lang='lat' dir='ltr'><strong>esse</strong></span> <span class='ocrx_word' id='word_1_163' title='bbox 1030 1520 1074 1561; x_wconf 92' lang='lat' dir='ltr'><strong>et</strong></span> <span class='ocrx_word' id='word_1_164' title='bbox 1099 1517 1491 1574; x_wconf 88' lang='lat' dir='ltr'><strong>haberioptimum</strong></span> <span class='ocrx_word' id='word_1_165' title='bbox 1519 1529 1541 1560; x_wconf 86' lang='lat'>4</span> 
     </span>
     <span class='ocr_line' id='line_1_25' title="bbox 90 1578 1493 1638; baseline -0.002 -14"><span class='ocrx_word' id='word_1_166' title='bbox 90 1578 264 1624; x_wconf 88' lang='lat' dir='ltr'><strong>dicendi</strong></span> <span class='ocrx_word' id='word_1_167' title='bbox 296 1579 579 1638; x_wconf 82' lang='lat' dir='ltr'><strong>magistrum3</strong></span> <span class='ocrx_word' id='word_1_168' title='bbox 612 1579 740 1623; x_wconf 85' lang='lat' dir='ltr'><strong>video</strong></span> <span class='ocrx_word' id='word_1_169' title='bbox 774 1580 905 1623; x_wconf 90' lang='lat' dir='ltr'><strong>etiam</strong></span> <span class='ocrx_word' id='word_1_170' title='bbox 933 1579 1098 1622; x_wconf 89' lang='lat' dir='ltr'><strong>multos</strong></span> <span class='ocrx_word' id='word_1_171' title='bbox 1130 1593 1268 1636; x_wconf 87' lang='lat' dir='ltr'><strong>parvo</strong></span> <span class='ocrx_word' id='word_1_172' title='bbox 1302 1579 1493 1637; x_wconf 87' lang='lat' dir='ltr'><strong>ingenio,</strong></span> 
     </span>
     <span class='ocr_line' id='line_1_26' title="bbox 87 1638 1542 1699; baseline -0.001 -14"><span class='ocrx_word' id='word_1_173' title='bbox 87 1640 249 1685; x_wconf 82' lang='lat' dir='ltr'><strong>litteris</strong></span> <span class='ocrx_word' id='word_1_174' title='bbox 274 1641 430 1697; x_wconf 88' lang='lat' dir='ltr'><strong>nullis,</strong></span> <span class='ocrx_word' id='word_1_175' title='bbox 462 1644 512 1685; x_wconf 92' lang='lat' dir='ltr'><strong>ut</strong></span> <span class='ocrx_word' id='word_1_176' title='bbox 538 1641 647 1684; x_wconf 87' lang='lat' dir='ltr'><strong>bene</strong></span> <span class='ocrx_word' id='word_1_177' title='bbox 673 1643 874 1699; x_wconf 86' lang='lat' dir='ltr'><strong>agerent,</strong></span> <span class='ocrx_word' id='word_1_178' title='bbox 905 1640 1075 1697; x_wconf 86' lang='lat' dir='ltr'><strong>agendo</strong></span> <span class='ocrx_word' id='word_1_179' title='bbox 1102 1642 1374 1684; x_wconf 88' lang='lat' dir='ltr'><strong>consecutos.</strong></span> <span class='ocrx_word' id='word_1_180' title='bbox 1409 1638 1494 1683; x_wconf 89' lang='lat' dir='ltr'><strong>Sed</strong></span> <span class='ocrx_word' id='word_1_181' title='bbox 1521 1651 1542 1682; x_wconf 85' lang='lat'>5</span> 
     </span>
     <span class='ocr_line' id='line_1_27' title="bbox 89 1700 1493 1758; baseline -0.001 -12"><span class='ocrx_word' id='word_1_182' title='bbox 89 1704 134 1746; x_wconf 87' lang='lat' dir='ltr'><strong>et</strong></span> <span class='ocrx_word' id='word_1_183' title='bbox 170 1702 302 1758; x_wconf 86' lang='lat' dir='ltr'><strong>illud,</strong></span> <span class='ocrx_word' id='word_1_184' title='bbox 347 1702 467 1758; x_wconf 89' lang='lat' dir='ltr'><strong>quod</strong></span> <span class='ocrx_word' id='word_1_185' title='bbox 512 1703 583 1746; x_wconf 84' lang='lat' dir='ltr'><strong>vel</strong></span> <span class='ocrx_word' id='word_1_186' title='bbox 629 1702 843 1745; x_wconf 89' lang='lat' dir='ltr'><strong>Pollionis</strong></span> <span class='ocrx_word' id='word_1_187' title='bbox 889 1702 960 1744; x_wconf 86' lang='lat' dir='ltr'><strong>vel</strong></span> <span class='ocrx_word' id='word_1_188' title='bbox 1004 1704 1231 1758; x_wconf 90' lang='lat' dir='ltr'><strong>tamquam</strong></span> <span class='ocrx_word' id='word_1_189' title='bbox 1278 1700 1493 1745; x_wconf 89' lang='lat' dir='ltr'><strong>Pollionis</strong></span> 
     </span>
     <span class='ocr_line' id='line_1_28' title="bbox 88 1761 1493 1821; baseline -0.001 -13"><span class='ocrx_word' id='word_1_190' title='bbox 88 1763 257 1821; x_wconf 82' lang='lat' dir='ltr'><strong>accepi,</strong></span> <span class='ocrx_word' id='word_1_191' title='bbox 290 1763 566 1807; x_wconf 83' lang='lat' dir='ltr'><strong>verissimum</strong></span> <span class='ocrx_word' id='word_1_192' title='bbox 595 1763 815 1820; x_wconf 85' lang='lat' dir='ltr'><strong>experior:</strong></span> <span class='ocrx_word' id='word_1_193' title='bbox 849 1761 1110 1806; x_wconf 77' lang='lat' dir='ltr'><strong>‘Commode</strong></span> <span class='ocrx_word' id='word_1_194' title='bbox 1136 1762 1307 1821; x_wconf 88' lang='lat' dir='ltr'><strong>agendo</strong></span> <span class='ocrx_word' id='word_1_195' title='bbox 1327 1763 1493 1806; x_wconf 90' lang='lat' dir='ltr'><strong>factum</strong></span> 
     </span>
     <span class='ocr_line' id='line_1_29' title="bbox 89 1823 1493 1882; baseline -0.001 -14"><span class='ocrx_word' id='word_1_196' title='bbox 89 1826 175 1881; x_wconf 83' lang='lat' dir='ltr'><strong>est,</strong></span> <span class='ocrx_word' id='word_1_197' title='bbox 199 1826 251 1868; x_wconf 86' lang='lat' dir='ltr'><strong>ut</strong></span> <span class='ocrx_word' id='word_1_198' title='bbox 269 1839 399 1881; x_wconf 91' lang='lat' dir='ltr'><strong>saepe</strong></span> <span class='ocrx_word' id='word_1_199' title='bbox 419 1838 613 1882; x_wconf 87' lang='lat' dir='ltr'><strong>agerem,</strong></span> <span class='ocrx_word' id='word_1_200' title='bbox 633 1838 762 1881; x_wconf 87' lang='lat' dir='ltr'><strong>saepe</strong></span> <span class='ocrx_word' id='word_1_201' title='bbox 782 1823 971 1882; x_wconf 87' lang='lat' dir='ltr'><strong>agendo,</strong></span> <span class='ocrx_word' id='word_1_202' title='bbox 991 1827 1042 1867; x_wconf 91' lang='lat' dir='ltr'><strong>ut</strong></span> <span class='ocrx_word' id='word_1_203' title='bbox 1061 1824 1206 1867; x_wconf 90' lang='lat' dir='ltr'><strong>minus</strong></span> <span class='ocrx_word' id='word_1_204' title='bbox 1227 1823 1457 1868; x_wconf 91' lang='lat' dir='ltr'><strong>commode</strong></span> <span class='ocrx_word' id='word_1_205' title='bbox 1468 1823 1493 1878; x_wconf 91' lang='lat'><strong>’‚</strong></span> 
     </span>
     <span class='ocr_line' id='line_1_30' title="bbox 90 1884 1492 1943; baseline -0.001 -14"><span class='ocrx_word' id='word_1_206' title='bbox 90 1885 195 1942; x_wconf 86' lang='lat' dir='ltr'><strong>quia</strong></span> <span class='ocrx_word' id='word_1_207' title='bbox 236 1885 406 1929; x_wconf 83' lang='lat' dir='ltr'><strong>scilicet</strong></span> <span class='ocrx_word' id='word_1_208' title='bbox 446 1885 712 1929; x_wconf 88' lang='lat' dir='ltr'><strong>adsiduitate</strong></span> <span class='ocrx_word' id='word_1_209' title='bbox 757 1885 895 1928; x_wconf 90' lang='lat' dir='ltr'><strong>nimia</strong></span> <span class='ocrx_word' id='word_1_210' title='bbox 937 1884 1127 1929; x_wconf 85' lang='lat' dir='ltr'><strong>facilitas</strong></span> <span class='ocrx_word' id='word_1_211' title='bbox 1174 1885 1313 1943; x_wconf 88' lang='lat' dir='ltr'><strong>magis</strong></span> <span class='ocrx_word' id='word_1_212' title='bbox 1361 1899 1492 1940; x_wconf 89' lang='lat' dir='ltr'><strong>quam</strong></span> 
     </span>
     <span class='ocr_line' id='line_1_31' title="bbox 89 1945 1541 2003; baseline -0.001 -14"><span class='ocrx_word' id='word_1_213' title='bbox 89 1946 277 1991; x_wconf 85' lang='lat' dir='ltr'><strong>facultas</strong></span> <span class='ocrx_word' id='word_1_214' title='bbox 309 1961 390 1990; x_wconf 89' lang='lat' dir='ltr'><strong>nec</strong></span> <span class='ocrx_word' id='word_1_215' title='bbox 422 1945 603 2002; x_wconf 87' lang='lat' dir='ltr'><strong>fiducia,</strong></span> <span class='ocrx_word' id='word_1_216' title='bbox 641 1945 717 1990; x_wconf 86' lang='lat' dir='ltr'><strong>sed</strong></span> <span class='ocrx_word' id='word_1_217' title='bbox 749 1946 973 1990; x_wconf 91' lang='lat' dir='ltr'><strong>temeritas</strong></span> <span class='ocrx_word' id='word_1_218' title='bbox 1006 1948 1197 2003; x_wconf 88' lang='lat' dir='ltr'><strong>paratur.</strong></span> <span class='ocrx_word' id='word_1_219' title='bbox 1261 1945 1356 1989; x_wconf 88' lang='lat' dir='ltr'><strong>Nec</strong></span> <span class='ocrx_word' id='word_1_220' title='bbox 1390 1961 1492 1989; x_wconf 88' lang='lat' dir='ltr'><strong>vero</strong></span> <span class='ocrx_word' id='word_1_221' title='bbox 1520 1956 1541 1988; x_wconf 82' lang='grc'>6</span> 
     </span>
     <span class='ocr_line' id='line_1_32' title="bbox 89 2006 1492 2064; baseline -0.001 -13"><span class='ocrx_word' id='word_1_222' title='bbox 89 2006 293 2063; x_wconf 86' lang='lat' dir='ltr'><strong>Isocrati,</strong></span> <span class='ocrx_word' id='word_1_223' title='bbox 326 2021 414 2064; x_wconf 90' lang='lat' dir='ltr'><strong>quo</strong></span> <span class='ocrx_word' id='word_1_224' title='bbox 448 2007 593 2051; x_wconf 86' lang='lat' dir='ltr'><strong>minus</strong></span> <span class='ocrx_word' id='word_1_225' title='bbox 626 2006 862 2051; x_wconf 89' lang='lat' dir='ltr'><strong>haberetur</strong></span> <span class='ocrx_word' id='word_1_226' title='bbox 894 2022 1091 2051; x_wconf 89' lang='lat' dir='ltr'><strong>summus</strong></span> <span class='ocrx_word' id='word_1_227' title='bbox 1125 2010 1293 2062; x_wconf 83' lang='lat' dir='ltr'><strong>orator,</strong></span> <span class='ocrx_word' id='word_1_228' title='bbox 1333 2007 1492 2062; x_wconf 86' lang='lat' dir='ltr'><strong>offecit,</strong></span> 
     </span>
     <span class='ocr_line' id='line_1_33' title="bbox 91 2067 1491 2126; baseline -0.001 -13"><span class='ocrx_word' id='word_1_229' title='bbox 91 2067 209 2126; x_wconf 90' lang='lat' dir='ltr'><strong>quod</strong></span> <span class='ocrx_word' id='word_1_230' title='bbox 243 2068 500 2112; x_wconf 87' lang='lat' dir='ltr'><strong>infirmitate</strong></span> <span class='ocrx_word' id='word_1_231' title='bbox 533 2068 672 2124; x_wconf 82' lang='lat' dir='ltr'><strong>vocis,</strong></span> <span class='ocrx_word' id='word_1_232' title='bbox 706 2069 896 2113; x_wconf 91' lang='lat' dir='ltr'><strong>mollitia</strong></span> <span class='ocrx_word' id='word_1_233' title='bbox 928 2068 1108 2124; x_wconf 73' lang='lat' dir='ltr'><strong>fiontis,</strong></span> <span class='ocrx_word' id='word_1_234' title='bbox 1146 2084 1199 2111; x_wconf 90' lang='lat' dir='ltr'><strong>ne</strong></span> <span class='ocrx_word' id='word_1_235' title='bbox 1234 2069 1279 2111; x_wconf 91' lang='lat' dir='ltr'><strong>in</strong></span> <span class='ocrx_word' id='word_1_236' title='bbox 1312 2067 1491 2124; x_wconf 90' lang='lat' dir='ltr'><strong>publico</strong></span> 
     </span>
     <span class='ocr_line' id='line_1_34' title="bbox 89 2128 1493 2188; baseline -0.003 -13"><span class='ocrx_word' id='word_1_237' title='bbox 89 2130 266 2186; x_wconf 88' lang='lat' dir='ltr'><strong>diceret,</strong></span> <span class='ocrx_word' id='word_1_238' title='bbox 293 2128 625 2187; x_wconf 90' lang='lat' dir='ltr'><strong>impediebatur.</strong></span> <span class='ocrx_word' id='word_1_239' title='bbox 667 2128 856 2174; x_wconf 89' lang='lat' dir='ltr'><strong>Proinde</strong></span> <span class='ocrx_word' id='word_1_240' title='bbox 877 2130 1065 2173; x_wconf 89' lang='lat' dir='ltr'><strong>multum</strong></span> <span class='ocrx_word' id='word_1_241' title='bbox 1087 2130 1198 2188; x_wconf 87' lang='lat' dir='ltr'><strong>lege,</strong></span> <span class='ocrx_word' id='word_1_242' title='bbox 1224 2129 1378 2182; x_wconf 89' lang='lat' dir='ltr'><strong>scribe,</strong></span> <span class='ocrx_word' id='word_1_243' title='bbox 1406 2144 1493 2172; x_wconf 90' lang='lat' dir='ltr'><strong>me-</strong></span> 
     </span>
     <span class='ocr_line' id='line_1_35' title="bbox 89 2190 1492 2247; baseline -0.001 -12"><span class='ocrx_word' id='word_1_244' title='bbox 89 2190 251 2247; x_wconf 87' lang='lat' dir='ltr'><strong>ditare,</strong></span> <span class='ocrx_word' id='word_1_245' title='bbox 283 2193 332 2235; x_wconf 91' lang='lat' dir='ltr'><strong>ut</strong></span> <span class='ocrx_word' id='word_1_246' title='bbox 365 2190 527 2247; x_wconf 89' lang='lat' dir='ltr'><strong>possis,</strong></span> <span class='ocrx_word' id='word_1_247' title='bbox 560 2206 659 2234; x_wconf 90' lang='lat' dir='ltr'><strong>cum</strong></span> <span class='ocrx_word' id='word_1_248' title='bbox 693 2191 832 2247; x_wconf 84' lang='lat' dir='ltr'><strong>voles,</strong></span> <span class='ocrx_word' id='word_1_249' title='bbox 871 2191 1031 2235; x_wconf 88' lang='lat' dir='ltr'><strong>dicere:</strong></span> <span class='ocrx_word' id='word_1_250' title='bbox 1071 2191 1208 2246; x_wconf 90' lang='lat' dir='ltr'><strong>dices,</strong></span> <span class='ocrx_word' id='word_1_251' title='bbox 1246 2205 1345 2234; x_wconf 92' lang='lat' dir='ltr'><strong>cum</strong></span> <span class='ocrx_word' id='word_1_252' title='bbox 1379 2191 1492 2234; x_wconf 85' lang='lat' dir='ltr'><strong>velle</strong></span> 
     </span>
     <span class='ocr_line' id='line_1_36' title="bbox 90 2251 1539 2309; baseline -0.001 -13"><span class='ocrx_word' id='word_1_253' title='bbox 90 2251 282 2297; x_wconf 91' lang='lat' dir='ltr'><strong>debebis.</strong></span> <span class='ocrx_word' id='word_1_254' title='bbox 347 2251 445 2296; x_wconf 90' lang='lat' dir='ltr'><strong>Hoc</strong></span> <span class='ocrx_word' id='word_1_255' title='bbox 484 2252 573 2295; x_wconf 88' lang='lat' dir='ltr'><strong>fere</strong></span> <span class='ocrx_word' id='word_1_256' title='bbox 612 2254 1007 2309; x_wconf 88' lang='lat' dir='ltr'><strong>temperamentum</strong></span> <span class='ocrx_word' id='word_1_257' title='bbox 1048 2253 1141 2309; x_wconf 88' lang='lat' dir='ltr'><strong>ipse</strong></span> <span class='ocrx_word' id='word_1_258' title='bbox 1175 2252 1363 2307; x_wconf 80' lang='lat' dir='ltr'><strong>servavi3</strong></span> <span class='ocrx_word' id='word_1_259' title='bbox 1401 2266 1492 2295; x_wconf 91' lang='lat' dir='ltr'><strong>non</strong></span> <span class='ocrx_word' id='word_1_260' title='bbox 1519 2262 1539 2294; x_wconf 75' lang='lat'><strong>&#39;1</strong></span> 
     </span>
    </p>
   </div>
   <div class='ocr_carea' id='block_1_9' title="bbox 90 2326 382 2332">
    <p class='ocr_par' dir='ltr' id='par_1_9' title="bbox 90 2326 382 2332">
     <span class='ocr_line' id='line_1_37' title="bbox 90 2326 382 2332; baseline 0 0"><span class='ocrx_word' id='word_1_261' title='bbox 90 2326 382 2332; x_wconf 95' lang='lat' dir='ltr'><strong> </strong></span> 
     </span>
    </p>
   </div>
   <div class='ocr_carea' id='block_1_10' title="bbox 91 2371 1490 2517">
    <p class='ocr_par' dir='ltr' id='par_1_10' title="bbox 91 2371 1490 2517">
     <span class='ocr_line' id='line_1_38' title="bbox 189 2371 1489 2419; baseline -0.001 -10"><span class='ocrx_word' id='word_1_262' title='bbox 189 2377 206 2408; x_wconf 82' lang='lat'>1</span> <span class='ocrx_word' id='word_1_263' title='bbox 225 2372 449 2409; x_wconf 88' lang='lat' dir='ltr'><strong>adhibueris</strong></span> <span class='ocrx_word' id='word_1_264' title='bbox 466 2373 614 2419; x_wconf 81' lang='lat' dir='ltr'><strong>Dpra,</strong></span> <span class='ocrx_word' id='word_1_265' title='bbox 630 2373 680 2409; x_wconf 88' lang='lat' dir='ltr'><strong>K.</strong></span> <span class='ocrx_word' id='word_1_266' title='bbox 693 2373 727 2417; x_wconf 91' lang='lat'><strong>1,</strong></span> <span class='ocrx_word' id='word_1_267' title='bbox 744 2374 841 2418; x_wconf 78' lang='lat' dir='ltr'><strong>Otto,</strong></span> <span class='ocrx_word' id='word_1_268' title='bbox 856 2373 1003 2417; x_wconf 62' lang='grc' dir='ltr'><em>Μυκη,</em></span> <span class='ocrx_word' id='word_1_269' title='bbox 1020 2371 1277 2408; x_wconf 84' lang='lat' dir='ltr'><strong>adhibueritis</strong></span> <span class='ocrx_word' id='word_1_270' title='bbox 1296 2373 1353 2415; x_wconf 83' lang='lat' dir='ltr'><strong>M,</strong></span> <span class='ocrx_word' id='word_1_271' title='bbox 1372 2373 1420 2408; x_wconf 80' lang='grc' dir='ltr'><strong>Κ.</strong></span> <span class='ocrx_word' id='word_1_272' title='bbox 1433 2372 1489 2409; x_wconf 88' lang='grc' dir='ltr'><strong>ΙΙ.</strong></span> 
     </span>
     <span class='ocr_line' id='line_1_39' title="bbox 91 2421 1490 2468; baseline 0 -10"><span class='ocrx_word' id='word_1_273' title='bbox 91 2442 136 2449; x_wconf 91' lang='grc'>-</span> <span class='ocrx_word' id='word_1_274' title='bbox 163 2422 281 2458; x_wconf 72' lang='lat' dir='ltr'><strong>etiam</strong></span> <span class='ocrx_word' id='word_1_275' title='bbox 303 2422 355 2458; x_wconf 84' lang='lat' dir='ltr'><strong>K.</strong></span> <span class='ocrx_word' id='word_1_276' title='bbox 378 2423 409 2458; x_wconf 88' lang='lat'><strong>1.</strong></span> <span class='ocrx_word' id='word_1_277' title='bbox 511 2425 532 2457; x_wconf 82' lang='lat'><strong>2</strong></span> <span class='ocrx_word' id='word_1_278' title='bbox 560 2434 592 2458; x_wconf 83' lang='lat' dir='ltr'><strong>v.</strong></span> <span class='ocrx_word' id='word_1_279' title='bbox 615 2421 807 2466; x_wconf 80' lang='lat' dir='ltr'><strong>Hofacker</strong></span> <span class='ocrx_word' id='word_1_280' title='bbox 831 2435 868 2468; x_wconf 83' lang='lat' dir='ltr'><strong>p.</strong></span> <span class='ocrx_word' id='word_1_281' title='bbox 889 2426 947 2458; x_wconf 72' lang='lat'><strong>54.</strong></span> <span class='ocrx_word' id='word_1_282' title='bbox 1053 2425 1096 2457; x_wconf 78' lang='lat'><strong>17</strong></span> <span class='ocrx_word' id='word_1_283' title='bbox 1124 2421 1225 2457; x_wconf 88' lang='lat' dir='ltr'><strong>enim</strong></span> <span class='ocrx_word' id='word_1_284' title='bbox 1254 2422 1312 2457; x_wconf 90' lang='lat' dir='ltr'><strong>est</strong></span> <span class='ocrx_word' id='word_1_285' title='bbox 1340 2422 1490 2468; x_wconf 81' lang='lat' dir='ltr'><strong>Dpra.</strong></span> 
     </span>
     <span class='ocr_line' id='line_1_40' title="bbox 91 2470 1416 2517; baseline 0.001 -11"><span class='ocrx_word' id='word_1_286' title='bbox 91 2473 138 2507; x_wconf 79' lang='lat'><strong>20</strong></span> <span class='ocrx_word' id='word_1_287' title='bbox 163 2471 212 2515; x_wconf 77' lang='lat' dir='ltr'><strong>cf.</strong></span> <span class='ocrx_word' id='word_1_288' title='bbox 233 2471 309 2508; x_wconf 81' lang='lat' dir='ltr'><strong>Cic.</strong></span> <span class='ocrx_word' id='word_1_289' title='bbox 331 2482 371 2517; x_wconf 86' lang='lat' dir='ltr'><strong>p.</strong></span> <span class='ocrx_word' id='word_1_290' title='bbox 395 2471 529 2508; x_wconf 79' lang='lat' dir='ltr'><strong>Rabir.</strong></span> <span class='ocrx_word' id='word_1_291' title='bbox 552 2471 652 2507; x_wconf 74' lang='lat' dir='ltr'><strong>Post.</strong></span> <span class='ocrx_word' id='word_1_292' title='bbox 675 2474 709 2515; x_wconf 78' lang='lat'><strong>4,</strong></span> <span class='ocrx_word' id='word_1_293' title='bbox 736 2475 770 2513; x_wconf 74' lang='grc' dir='ltr'><strong>Ω,</strong></span> <span class='ocrx_word' id='word_1_294' title='bbox 797 2471 846 2507; x_wconf 86' lang='lat' dir='ltr'><strong>al.</strong></span> <span class='ocrx_word' id='word_1_295' title='bbox 876 2471 975 2514; x_wconf 82' lang='lat' dir='ltr'><strong>(vide</strong></span> <span class='ocrx_word' id='word_1_296' title='bbox 1003 2470 1088 2507; x_wconf 80' lang='lat' dir='ltr'><strong>Otto</strong></span> <span class='ocrx_word' id='word_1_297' title='bbox 1115 2470 1292 2517; x_wconf 68' lang='lat' dir='ltr'><strong>Spm&#39;chw.</strong></span> <span class='ocrx_word' id='word_1_298' title='bbox 1313 2473 1416 2515; x_wconf 87' lang='lat'><strong>359).</strong></span> 
     </span>
    </p>
   </div>
  </div>
 </body>
</html>
