1716 2742
566 101 929 139 EPISTULARUM
958 101 1028 138 VII
1055 105 1114 138 27.
1457 104 1544 148 199

110 217 326 263 interiora
358 217 567 274 dimittit,
600 217 695 274 ipse
729 216 783 260 ad
818 216 1103 261 scribendum
1131 216 1350 273 animum,
1378 217 1547 273 oculos,

110 295 293 325 manum
332 279 545 337 intendit,
583 295 640 323 ne
679 294 820 324 vacua
862 294 988 323 mens
1028 279 1181 323 audita
1220 251 1460 324 simuiacra
1503 281 1548 323 et

110 343 264 388 inanes
298 342 385 387 sibi
417 315 564 386 mettis
591 342 793 401 fingeret.
858 341 1016 399 Initio,
1043 342 1175 399 quale
1201 342 1390 400 ubique,
1416 342 1596 386 811011-8

109 406 224 450 tium
256 405 423 462 noctis,
456 405 560 449 dein
593 405 774 449 concuti
800 404 986 460 ferrum,
1014 405 1196 449 vincula
1222 405 1405 449 moveri.
1464 403 1547 448 Ille

65 485 84 512 5
109 483 203 513 non
232 467 394 513 tollere
426 468 601 524 oculos,
633 482 727 511 non
753 439 986 511 remittere
1009 467 1185 523 stilum,
1212 467 1288 511 sed
1321 467 1548 512 offirmare

109 531 311 574 animum
344 530 618 588 auribusque
644 529 946 588 praetendere.
1012 528 1129 573 Tum
1158 530 1435 575 crebrescere
1461 530 1548 574 fra-

109 608 210 653 gor,
242 592 482 637 adventare
515 596 559 637 et
592 593 682 636 iam
714 595 766 636 ut
792 593 840 636 in
866 592 1041 650 limine,
1068 592 1158 636 iam
1186 595 1237 636 ut
1264 593 1382 637 intra
1407 593 1549 637 limen

109 655 266 700 audiri.
333 655 556 714 Respicit,
587 655 710 699 videt
743 655 1039 714 agnoscitque
1071 658 1298 699 narratam
1333 655 1420 699 sibi
1454 655 1547 699 effi-

109 718 240 778 giem.
307 717 468 763 Stabat
498 718 803 776 innuebatque
837 717 979 777 digito
1008 717 1168 762 similis
1202 718 1394 762 vocanti.
1460 717 1549 763 Hic
1577 731 1598 763 9

45 796 83 825 10
108 784 282 839 contra,
315 784 368 826 ut
398 781 586 839 paulum
619 783 893 839 expectaret,
933 796 1071 824 manu
1109 781 1337 840 significat
1375 796 1548 825 rursus-

107 859 195 901 que
229 843 341 888 ceris
375 847 420 888 et
453 843 559 888 stilo
592 843 825 888 incumbit.
889 842 976 887 Illa
1002 843 1238 888 scribentis
1267 844 1405 901 capiti
1432 846 1547 888 cate-

106 906 178 951 nis
204 906 455 952 insonabat.
498 906 703 964 Respicit
728 921 882 950 rursus
910 906 1029 950 idem
1059 907 1181 963 quod
1208 907 1334 964 prius
1361 906 1548 951 innuen-

106 972 199 1014 tem
231 985 316 1014 nec
358 973 560 1014 moratus
600 970 723 1014 toHit
760 970 915 1013 lumen
955 972 999 1013 et
1039 969 1254 1026 sequitur.
1326 967 1428 1013 Ibat
1469 969 1548 1013 illa
1577 981 1623 1015 10

106 1032 231 1076 lento
264 1031 408 1091 gradu
445 1033 574 1090 quasi
614 1032 763 1092 gravis
804 1032 1009 1076 vinculis.
1076 1031 1324 1089 Postquam
1364 1031 1549 1076 deflexit

44 1109 80 1138 15
106 1094 154 1138 in
211 1110 361 1139 aream
421 1094 595 1151 domus,
644 1097 827 1153 repente
880 1094 1055 1152 dilapsa
1107 1095 1272 1139 deserit
1323 1095 1546 1139 comitem.

106 1156 320 1202 Desertus
353 1157 516 1202 herbas
550 1160 596 1202 et
627 1158 738 1202 folia
771 1160 1014 1215 concerpta
1047 1158 1228 1217 signum
1261 1158 1363 1202 loco
1403 1158 1544 1215 ponit.

106 1219 293 1264 Postero
327 1219 398 1265 die
432 1220 528 1264 adit
566 1221 877 1280 magistratus,
916 1223 1095 1278 monet,
1137 1223 1189 1264 ut
1227 1220 1357 1264 illum
1395 1221 1546 1265 locum
1577 1233 1621 1266 11

20 1320 22 1322 ,
105 1283 240 1327 effodi
291 1282 487 1328 iubeant.
571 1282 870 1328 Inveniuntur
922 1298 1024 1327 ossa
1069 1283 1237 1327 inserta
1289 1283 1457 1327 catenis
1504 1286 1548 1327 et

105 1345 343 1404 implicita,
377 1361 491 1403 quae
519 1361 683 1404 corpus
712 1362 820 1390 aevo
855 1349 1063 1403 terraque
1097 1346 1401 1404 putrefactum
1427 1346 1548 1390 nuda

43 1423 81 1451 20
107 1411 152 1453 et
184 1423 317 1453 exesa
347 1409 592 1467 reliquerat
624 1409 836 1454 vinculis:
877 1409 1068 1454 collecta
1106 1409 1285 1466 publice
1326 1409 1548 1467 sepeliun-

105 1474 190 1516 tur.
256 1470 431 1516 Domus
464 1475 624 1530 postea
655 1472 740 1516 rite
781 1472 974 1516 conditis
1015 1471 1223 1515 manibus
1263 1472 1419 1516 caruit.
1484 1471 1546 1515 Et
1575 1483 1620 1516 12

105 1534 216 1579 haec
249 1534 431 1592 quidem
459 1535 803 1579 adfirmantibus
837 1534 990 1591 credo;
1023 1534 1136 1578 illud
1170 1534 1407 1578 adfirmare
1444 1534 1544 1578 aliis

103 1611 309 1655 possum:

0 1701 3 1709 ,
198 1659 284 1704 Est
308 1659 498 1704 libertus
526 1660 639 1704 mihi
664 1676 756 1704 non
783 1660 1070 1705 inlitteratus
1138 1658 1250 1704 Cum
1278 1659 1366 1704 hoc
1399 1660 1548 1703 minor

0 1724 2 1728 ⁴
42 1737 81 1765 2⁵
105 1722 245 1767 frater
271 1722 429 1767 eodem
455 1723 575 1768 lecto
603 1723 871 1781 quiescebat.
936 1722 979 1767 Is
1007 1722 1130 1767 visus
1158 1725 1227 1767 est
1253 1722 1339 1766 sibi
1366 1737 1547 1767 cernere

0 1787 2 1794 “
106 1785 330 1842 quendam
381 1786 429 1830 in
480 1788 581 1830 toro
635 1785 905 1830 residentem
952 1785 1356 1843 admoventemque
1409 1785 1546 1843 capiti

106 1863 187 1893 suo
234 1848 404 1893 cultros
445 1851 580 1906 atque
620 1849 755 1892 etiam
797 1864 851 1892 ex
890 1849 990 1906 ipso
1030 1847 1197 1893 vertice
1237 1850 1547 1906 amputantem

105 1911 307 1969 capillos.
357 1909 450 1955 Ubi
476 1911 659 1967 inluxit,
680 1911 777 1969 ipse
805 1912 924 1956 circa
949 1911 1164 1956 verticem
1191 1913 1370 1967 tonsus,
1393 1911 1548 1969 capffli

18 2023 19 2026 Ἰ
105 1974 300 2018 iacentes
339 1973 635 2031 reperiuntur.
716 1974 947 2033 Exiguum
985 1974 1202 2031 temporis
1246 1973 1461 2031 medium,
1502 1977 1546 2017 et
1577 1985 1622 2018 13

104 2051 259 2081 rursus
294 2036 440 2080 simile
473 2036 596 2080 aliud
628 2036 771 2094 priori
803 2037 939 2082 fidem
972 2037 1090 2081 fecit.
1157 2036 1275 2080 Puer
1307 2037 1355 2080 in
1387 2036 1547 2094 paeda-

106 2100 243 2159 gogio
284 2099 451 2143 mixtus
492 2098 698 2157 pluribus
739 2100 1006 2144 dormiebat:
1046 2103 1266 2144 venerunt
1307 2115 1387 2157 per
1429 2099 1547 2143 fene—

28 2190 29 2193 =
106 2164 221 2207 strae
268 2160 354 2222 (ita
396 2160 568 2221 narrat)
613 2162 660 2206 in
705 2163 871 2207 tunicis
918 2163 1031 2207 albis
1080 2163 1168 2206 duo
1216 2163 1546 2219 cubantemque

105 2225 407 2299 detonderunt
440 2227 502 2281 et,
538 2241 627 2282 qua
659 2228 893 2282 venerant,
918 2228 1210 2270 recesserunt.
1276 2224 1412 2269 Hunc
1439 2239 1547 2282 quo-

206 2340 231 2372 4
258 2335 402 2372 deinde
424 2347 486 2382 pr
498 2348 540 2380 a,
562 2336 610 2380 cf.
633 2336 685 2372 ad
708 2336 847 2382 VI20‚
870 2339 928 2374 12.
1035 2341 1053 2372 7
1078 2336 1235 2373 advent.
1258 2346 1305 2372 ac
1325 2335 1406 2371 iam
1426 2335 1546 2372 Mermr

106 2396 155 2424 ae
179 2398 206 2423 a
231 2386 299 2432 (cf.
321 2386 480 2424 classic
502 2365 657 2423 R'eview
684 2385 823 2423 XVII
843 2389 1125 2433 54).10
1152 2385 1361 2433 paululum
1382 2397 1469 2433 pa,
1497 2386 1546 2431 cf.

35 2443 38 2446 ’
107 2436 163 2474 ad
186 2437 267 2473 HI
289 2439 348 2482 15,
370 2439 404 2473 4.
509 2440 557 2473 24
584 2435 740 2472 Marcus
760 2441 850 2483 post
876 2437 975 2473 mihi
1001 2437 1092 2474 add.
1116 2437 1267 2481 Catan„
1296 2436 1348 2473 M.
1372 2441 1462 2483 post
1486 2436 1546 2472 in-

109 2485 187 2523 litt.
214 2486 311 2534 Dp,
339 2491 469 2524 tuetur
496 2487 645 2531 Muell..
673 2499 744 2524 om.
772 2487 854 2524 rell.
