1716 2742
186 135 279 181 244
803 132 841 169 C.
869 132 1007 168 PLINI

189 249 310 306 quod
362 250 466 305 post
516 246 897 304 intercapedinem
947 248 1164 305 temporis
1213 250 1258 291 et
1312 246 1528 306 frigidum
1575 251 1620 291 et

188 311 399 355 acerbum
431 312 509 354 est.
574 309 790 353 Rationes
825 309 953 366 quasi
986 310 1170 354 absente
1202 325 1273 354 me
1306 310 1620 369 negleguntur.

138 385 160 416 3
188 372 419 417 Interdum
453 375 604 416 tamen
637 387 802 428 equum
837 372 1088 416 conscendo
1130 375 1175 416 et
1207 374 1382 430 patrem
1421 372 1620 416 familiae

187 436 403 480 hactenus
438 449 544 493 ago,
588 434 708 492 quod
748 434 947 492 aliquam
986 437 1161 491 partem
1194 435 1499 492 praediorum,
1543 435 1620 479 sed

188 514 270 555 pro
304 498 554 556 gestatione
587 511 814 554 percurro.
881 497 950 541 Tu
977 497 1350 541 consuetudinem
1383 513 1510 542 serva
1542 513 1621 542 no·
1655 512 1672 539 5

187 561 344 618 bisque
379 560 443 604 sic
476 559 656 604 rusticis
690 559 862 603 urbana
895 562 995 604 acta
1028 560 1265 617 perscribe.
1331 559 1457 604 Vale.

846 701 958 743 XVI.

512 790 555 825 C.
577 790 783 824 PLINIUS
813 790 1106 840 MAMILIANO
1136 790 1232 824 SUO
1262 790 1301 824 S.

140 891 157 923 1
283 873 515 918 Summam
556 876 601 918 te
634 874 916 932 voluptatem
956 873 1210 930 percepisse
1250 888 1306 917 ex
1344 873 1432 916 isto
1472 872 1623 930 copio-

188 937 365 991 sissimo
406 952 568 996 genere
602 936 794 980 venandi
832 951 925 980 non
964 936 1123 993 miror,
1162 950 1266 980 cum
1304 935 1624 980 historicorum
1651 950 1687 976 ιο

188 1015 312 1044 more
365 999 532 1044 scribas
584 1014 821 1042 numerum
874 999 979 1042 iniri
1031 1013 1124 1042 non
1175 998 1389 1056 potuisse.
1478 996 1624 1042 Nobis

188 1063 342 1108 venari
373 1077 457 1106 nec
488 1064 620 1106 vacat
650 1076 735 1106 nec
765 1061 894 1119 libet,
927 1076 1021 1105 non
1053 1063 1200 1118 vacat,
1235 1061 1342 1118 quia
1373 1060 1626 1105 vindemiae

140 1140 161 1172 2
190 1126 237 1169 in
296 1122 504 1169 manibus
512 1148 541 1182 ,·
575 1139 668 1168 non
726 1124 857 1181 libet,
916 1124 1022 1181 quia
1077 1124 1276 1182 exiguae.
1349 1122 1625 1168 Devehimus

191 1191 341 1232 tamen
374 1203 456 1246 pro
490 1202 610 1232 novo
645 1189 794 1231 musto
828 1201 971 1230 novos
998 1186 1245 1231 versiculos
1272 1186 1446 1243 tibique
1471 1185 1625 1238 iucun-

191 1251 371 1295 dissime
393 1250 610 1309 exigenti,
635 1252 686 1293 ut
712 1250 909 1307 primum
937 1248 1210 1293 videbuntur
1237 1248 1499 1306 defervisse,
1525 1249 1627 1292 mit·
1654 1263 1688 1289 15

190 1316 348 1358 temus.
417 1312 541 1357 Vale.

841 1391 976 1431 XVII.

545 1479 587 1513 C.
610 1480 816 1513 PLINIUS
845 1479 1092 1514 GENITORI
1122 1479 1218 1514 SUO
1248 1480 1286 1514 S.

147 1578 164 1610 1
287 1563 455 1622 Recepi
498 1563 673 1607 litteras
718 1565 838 1620 tuas,
896 1562 1058 1619 quibus
1106 1562 1304 1619 quereris
1349 1560 1498 1606 taedio
1543 1560 1628 1605 tibi

194 1626 331 1671 fuisse
366 1626 570 1684 quamvis
610 1625 909 1670 lautissimam
945 1639 1119 1679 cenam,
1160 1625 1267 1682 quia
1299 1639 1495 1682 scurrae,
1539 1624 1629 1669 cin·
1656 1638 1716 1665 ευ.

145 1703 166 1735 2
195 1688 313 1746 aedi,
355 1689 580 1733 moriones
627 1687 793 1732 mensis
840 1687 1108 1731 inerrabant.
1175 1685 1258 1731 Vis
1303 1689 1355 1731 tu
1400 1687 1629 1731 remittere

195 1751 368 1809 aliquid
402 1767 456 1795 ex
488 1749 645 1810 rugis?
683 1750 908 1807 Equidem
942 1750 1059 1794 nihil
1085 1750 1175 1794 tale
1208 1749 1352 1794 habeo
1361 1783 1373 1807 ,
1411 1749 1629 1794 habentes

195 1816 346 1858 tamen
386 1814 493 1858 fero.
560 1812 649 1857 Cur
689 1828 795 1872 ergo
829 1828 922 1857 non
961 1812 1137 1857 habeo?
1190 1811 1306 1865 Quia
1343 1827 1630 1870 nequaquam

196 1892 267 1920 me
294 1879 344 1920 ut
377 1877 709 1934 inexpectatum
743 1876 1012 1920 festivumve
1041 1875 1251 1932 delectat,
1286 1875 1324 1920 si
1358 1874 1467 1932 quid
1493 1875 1631 1920 molle

197 1955 222 1983 a
255 1939 460 1995 cinaedo,
499 1939 705 1996 petulans
740 1955 766 1982 a
800 1953 970 1996 scurra,
1011 1938 1200 1982 stultum
1235 1954 1261 1982 a
1293 1937 1496 1983 morione
1529 1953 1631 1995 pro·
1658 1951 1707 1978 25-

147 2015 169 2047 3
197 2002 349 2045 fertur.
402 2000 510 2046 Non
542 2001 782 2058 rationem,
816 2001 891 2046 sed
927 2001 1209 2045 stomachum
1242 1999 1326 2045 tibi
1352 2015 1498 2045 narro.
1552 1999 1632 2044 At-

199 2079 285 2121 que
313 2064 422 2108 adeo
452 2078 586 2120 quam
614 2064 781 2108 multos
810 2066 943 2121 putas
972 2079 1086 2120 esse,
1115 2077 1236 2121 quos.
1257 2078 1327 2120 ea,
1355 2062 1518 2120 quibus
1546 2078 1631 2122 ego

198 2129 242 2170 et
275 2129 325 2170 tu
353 2127 556 2184 capimur
583 2129 627 2170 et
654 2126 880 2183 ducimur,
913 2126 1078 2184 partim
1106 2129 1158 2170 ut
1183 2126 1355 2184 inepta,
1388 2125 1554 2184 partim
1572 2128 1634 2170 -ut

198 2189 519 2233 molestissima
552 2188 799 2234 offendant!
847 2188 992 2242 Quam
1031 2189 1182 2246 multi,
1231 2203 1332 2233 cum
1373 2188 1515 2233 lector
1554 2191 1634 2232 aut
1702 2243 1704 2246 Ι

198 2251 377 2309 lyristes
421 2253 499 2295 aut
544 2252 784 2296 comoedus
830 2251 1041 2296 inductus
1088 2254 1175 2308 est,
1220 2251 1392 2296 calceos
1438 2253 1632 2308 poscunt
1659 2264 1696 2292 ³⁰

199 2316 278 2358 aut
315 2329 408 2358 non
448 2313 620 2358 minore
663 2329 766 2358 cum
804 2314 953 2358 taedio
997 2314 1232 2372 recubant,
1276 2329 1412 2371 quam
1453 2315 1505 2358 tu
1547 2313 1634 2358 ista

150 2390 172 2422 4
201 2375 286 2435 (sic
319 2376 437 2420 enim
472 2375 693 2435 appellas)
728 2377 936 2436 prodigia
969 2391 1207 2435 perpessus
1241 2376 1306 2421 es!
1347 2375 1517 2421 Demus
1551 2376 1633 2435 igi-

302 2516 323 2548 9
353 2512 620 2559 copiosissimo
648 2524 719 2549 om.
742 2513 790 2548 B.
898 2516 942 2548 13
972 2512 1207 2550 devehemus
1235 2523 1271 2549 a.
