1630 2678
19 128 31 136 ’
466 151 822 190 EPlsTULARUM
847 150 900 187 1v
926 154 1082 187 21—24.
1382 151 1466 197 111

72 266 205 312 huius
233 265 434 324 nequitia
469 264 850 324 sanguinariisque
889 261 1117 307 sententiis
1154 260 1202 305 in
1239 276 1471 306 commune

74 341 227 374 omnes
257 342 390 385 super
420 341 573 371 cenam
604 326 919 383 loquebantur,
951 339 1051 368 cum
1084 324 1178 380 ipse
1209 322 1470 380 imperator:

75 388 215 443 ‘Quid
245 391 453 447 putamus
484 402 716 445 passurum
747 386 896 442 fuisse,
929 385 966 429 si
991 383 1208 429 viveret?'
1257 383 1319 428 Et
1350 383 1470 428 Mau-

74 450 211 496 ricus:
242 448 508 494 ‘Nobiscum
540 446 744 492 cenaret?

33 534 51 563 5
160 510 357 570 Longius
402 509 511 567 abii,
552 509 695 553 libens
739 511 898 552 tamen.
962 507 1136 551 Placuit
1179 521 1323 565 agona
1359 506 1471 562 tolli,
1499 514 1519 547 '1

75 572 154 631 qui
178 587 323 616 mores
341 571 661 616 Viennensium
686 569 897 614 infecerat
921 571 971 612 ut
988 570 1141 612 noster
1164 568 1237 611 hic
1262 567 1471 611 omnium.

73 632 191 678 Nam
231 632 551 677 Viennensium
591 631 700 675 vitia
739 630 856 674 intra
895 630 1015 687 ipsos
1056 629 1269 684 residunt,
1320 631 1473 672 nostra

0 688 3 692 ’
74 695 166 739 late
196 696 437 753 vagantur,
466 696 603 750 utque
634 692 683 736 in
708 691 966 749 corporibus
1000 690 1063 735 sic
1087 690 1134 733 in
1166 690 1350 747 imperio
1377 704 1473 748 gra-

75 755 283 800 vissimus
315 757 382 799 est
414 755 611 811 morbus,
643 753 720 811 qui
752 769 778 797 a
809 753 953 810 capite
985 751 1256 796 diffunditur.
1289 750 1411 795 Vale.

16 899 55 928 ιο
704 879 856 920 XXIII.
884 887 1063 954 sanast(
1076 883 1239 950 staff,

317 967 360 1002 C.
381 967 582 1001 PLINIUS
609 966 868 1001 POMPONIO
894 965 1048 999 BASSO
1076 964 1171 998 SUO
1199 964 1237 999 S.

163 1047 370 1108 Magnam
418 1048 515 1106 cepi
568 1048 861 1105 voluptatem,
915 1061 1016 1090 cum
1070 1060 1125 1089 ex
1169 1044 1474 1089 communibus
1503 1053 1522 1085 1

6 1141 34 1167 ‚s
77 1109 231 1154 amicis
272 1109 462 1168 cognovi
505 1112 569 1165 te,
614 1112 665 1152 ut
705 1108 921 1166 sapientia
962 1110 1039 1151 tua
1080 1107 1263 1165 dignum
1306 1108 1391 1162 est,
1432 1109 1476 1150 et

78 1170 312 1228 disponere
356 1171 496 1215 otium
547 1173 591 1214 et
640 1170 773 1226 ferre,
824 1169 1025 1212 habitare
1075 1167 1381 1211 amoenissime
1433 1170 1477 1210 et

17 1246 54 1276 ιο
77 1246 198 1276 nunc
227 1235 364 1288 terra,
393 1245 513 1276 nunc
544 1232 655 1274 mari
687 1245 848 1287 corpus
880 1229 1065 1288 agitare,
1105 1229 1295 1272 multum
1328 1229 1475 1285 dispu-

78 1295 192 1350 tare,
228 1293 419 1337 multum
458 1292 627 1348 audire,
668 1293 857 1336 multum
895 1291 1113 1346 lectitare,
1152 1304 1340 1346 cumque
1380 1290 1475 1346 plu-

77 1354 240 1398 rimum
272 1354 402 1411 scias,
444 1353 604 1398 cotidie
636 1356 783 1397 tamen
815 1352 983 1409 aliquid
1014 1351 1249 1395 addiscere.
1311 1349 1380 1394 Ita
1412 1366 1475 1394 se-
1502 1358 1523 1391 2

78 1430 256 1460 nescere
303 1417 479 1472 oportet
522 1415 686 1471 virum,
729 1414 804 1471 qui
849 1413 1131 1471 magistratus
1179 1411 1476 1468 amplissimos

5 1521 22 1545 ⁰
81 1477 284 1535 gesserit,
331 1476 546 1520 exercitus
591 1475 752 1519 rexerit
792 1472 1024 1530 totumque
1066 1488 1111 1516 se
1152 1472 1215 1515 rei
1260 1472 1478 1529 publicae,

18 1552 57 1582 ιο
81 1551 214 1595 quam
265 1537 341 1581 diu
391 1537 590 1593 decebat,
640 1536 861 1580 obtulerit.
925 1534 1039 1578 Nam
1087 1537 1131 1577 et
1174 1533 1318 1591 prima
1360 1533 1477 1577 vitae
1502 1542 1527 1574 3

80 1601 282 1656 tempora
312 1601 357 1643 et
389 1598 532 1642 media
562 1597 749 1655 patriae,
781 1599 975 1640 extrema
1000 1594 1129 1638 nobis
1156 1594 1380 1651 impertire
1406 1594 1477 1638 de-

0 1659 4 1667 '
81 1659 255 1716 bemus,
294 1662 346 1703 ut
385 1660 507 1717 ipsae
550 1660 670 1716 leges
704 1660 896 1712 monent,
942 1670 1053 1712 quae
1098 1656 1307 1699 maiorem
1350 1656 1476 1699 annis

82 1720 175 1765 otio
200 1719 399 1764 reddunt.
450 1719 635 1773 Quando
662 1719 772 1762 mihi
796 1717 961 1773 licebit,
986 1717 1161 1774 quando
1186 1732 1265 1773 per
1290 1719 1477 1760 aetatem
1504 1727 1526 1758 4

22 1786 28 1790 '
81 1780 318 1826 honestum
360 1781 444 1825 erit
483 1780 645 1824 imitari
685 1779 802 1823 istud
844 1777 1164 1836 pulcherrimae
1203 1778 1362 1835 quietis
1406 1793 1477 1821 ex-

22 1856 58 1885 zo
83 1842 299 1899 emplum!
349 1842 524 1898 quando
573 1855 767 1884 secessus
813 1840 899 1884 mei
940 1854 1030 1883 non
1073 1838 1263 1883 desidiae
1304 1853 1479 1894 nomen,

84 1902 160 1947 sed
192 1902 525 1959 tranquillitatis
558 1901 790 1958 accipient!
853 1900 973 1945 Vale.

707 2027 853 2067 XXIV,
877 2003 1042 2085 fifh-12».
1068 2035 1111 2058 n
1131 2003 1233 2061 Lim}
1260 2021 1420 2089 (λιι-,ιι

342 2115 384 2147 C.
408 2113 607 2147 PLINIUS
634 2114 783 2147 FABIO
810 2114 1031 2147 VALENTI
1059 2114 1154 2147 SUO
1182 2112 1219 2146 S.

170 2194 376 2240 Proxime
428 2209 528 2238 cum
580 2194 694 2251 apud
743 2194 1038 2238 centumviros
1091 2193 1157 2250 [in
1202 2191 1478 2248 quadruplici
1507 2203 1524 2235 1

25 2267 63 2297 ιο
87 2255 271 2315 iudicio]
303 2256 528 2311 dixissem,
562 2254 697 2299 subiit
727 2254 971 2299 recordatio
1005 2255 1146 2313 egisse
1179 2268 1247 2296 me
1280 2253 1482 2296 iuvenem

185 2379 207 2413 2
226 2377 399 2423 tumpro
419 2387 505 2412 cum
527 2375 651 2422 Fpa,
674 2375 767 2412 Otto.
854 2378 874 2410 8
896 2375 935 2411 et
953 2385 1022 2411 om.
1044 2374 1173 2420 RFp.
1262 2375 1304 2408 17
1326 2372 1479 2419 oportet

86 2422 156 2463 vir.
180 2424 240 2463 ita
264 2435 406 2462 senesc.
435 2425 484 2460 M
500 2425 581 2468 V;;
612 2424 660 2469 cf.
681 2424 757 2461 Cic.
784 2424 828 2460 de
852 2435 927 2460 sen.
949 2427 984 2466 8,
998 2426 1051 2459 26
1077 2423 1192 2467 (Otto,
1213 2421 1480 2468 Spnchwffler

83 2483 127 2522 p.
137 2474 242 2521 31⁷).
367 2477 412 2510 29
433 2473 473 2510 in
495 2472 628 2519 quadr.
643 2472 722 2509 iud.
736 2484 804 2510 om.
821 2473 858 2509 R
871 2472 918 2517 F,
932 2472 1042 2516 Cort„
1063 2471 1207 2518 Stanqh
1229 2473 1380 2508 tuentur
1398 2469 1476 2507 rell.
