1630 2678
176 128 236 172 34
765 119 802 157 G.
829 117 943 155 PLIN
947 117 964 153 1

179 237 381 291 verearis,
410 251 464 278 ne
496 235 552 278 sit
584 233 689 276 mihi
722 245 905 274 onerosa
935 230 1020 273 ista
1057 227 1247 271 donatio.
1312 224 1427 271 Sunt
1464 226 1560 284 qui·

177 298 273 341 dem
312 297 487 340 omnino
525 294 650 338 nobis
691 292 884 335 modicae
922 290 1173 343 facultates,
1211 287 1404 345 dignitas
1442 301 1559 332 sum-

176 362 351 415 ptuosa,
381 357 542 400 reditus
575 357 752 410 propter
789 351 1090 396 condicionem
1127 348 1372 406 agellorum
1408 349 1558 393 nescio

178 420 318 462 minor
349 434 403 461 an
435 416 656 469 incertior3
689 414 782 469 sed,
820 413 936 469 quod
969 413 1109 455 cessat
1141 425 1196 453 ex
1218 409 1384 466 reditu,
1408 409 1560 468 fruga-

175 480 298 523 litate
330 479 573 534 suppletur,
606 491 660 519 ex
685 490 772 532 qua
797 475 916 517 velut
942 488 964 516 e
989 472 1111 516 fonte
1136 470 1380 514 liberalitas
1405 475 1560 516 nostra

127 555 150 587 4
177 539 380 593 decurrit3
425 553 534 594 quae
578 540 723 580 tamen
767 536 829 579 ita
871 532 1152 590 temperanda
1195 534 1280 588 est,
1322 547 1379 576 ne
1423 532 1561 576 nimia

177 600 426 657 profusione
457 599 689 652 inarescat,
720 596 794 639 sed
832 594 1115 652 temperanda
1158 594 1206 636 in
1258 592 1375 650 aliia,
1424 593 1473 637 in
1515 596 1560 637 te

176 676 276 705 vero
307 661 435 704 facile
466 660 578 703 ratio
611 657 845 713 constabit,
885 656 1054 700 etiamsi
1091 654 1272 698 modum
1313 655 1559 699 excesserit.
1603 710 1606 715 ,

176 721 294 765 Vale.

839 782 887 821 V.

513 858 555 892 c.
575 858 773 890 PLINIUS
800 855 1029 889 LUPERCO
1056 854 1150 888 SUO
1178 853 1216 888 S.

130 942 147 974 1
271 926 500 971 Actionem
539 929 583 969 et
614 942 639 968 a
669 929 712 968 te
744 925 992 981 frequenter
1030 922 1319 981 efflagitatam
1352 925 1396 967 et
1433 937 1460 966 a
1491 937 1560 968 me

176 1003 302 1044 saepe
339 988 598 1044 promissam
636 986 814 1029 exhibui
852 985 950 1038 tibi,
988 984 1183 1028 nondum
1221 986 1370 1028 tamen
1401 986 1560 1041 totam3

129 1064 149 1095 2
176 1049 316 1092 adhuc
348 1049 462 1092 enim
494 1063 593 1105 pars
627 1048 717 1090 eius
743 1047 995 1103 perpolitur.
1057 1043 1258 1099 Interim,
1292 1059 1403 1101 quae
1435 1045 1561 1090 abso·

174 1110 335 1153 lutiora
365 1109 473 1152 mihi
503 1108 779 1163 videbantur,
818 1123 906 1150 non
945 1107 1029 1150 fuit
1060 1107 1253 1150 alienum
1284 1106 1448 1150 iudicio
1480 1108 1559 1151 tuo

174 1170 297 1213 tradi.
349 1169 429 1212 His
462 1172 510 1212 tu
535 1184 643 1227 rogo
676 1170 960 1212 intentionem
988 1167 1217 1212 scribentis
1243 1166 1559 1212 accommodes.

174 1230 299 1274 Nihil
342 1231 456 1273 enim
501 1230 642 1273 adhuc
686 1230 799 1272 inter
843 1244 994 1272 manus
1035 1228 1190 1284 habui,
1233 1227 1305 1272 cui
1348 1229 1559 1272 maiorem

130 1306 150 1338 3
175 1291 510 1335 sollicitudinem
535 1293 752 1347 praestare
779 1291 986 1333 deberem.
1030 1289 1146 1334 Nam
1172 1290 1219 1332 in
1245 1290 1400 1334 ceteris
1426 1289 1560 1333 actio-

176 1353 303 1395 nibus
329 1352 639 1396 existimationi
665 1352 890 1394 hominum
924 1351 1151 1408 diligentia
1175 1353 1350 1394 tantum
1382 1353 1427 1394 et
1451 1350 1560 1395 fides

177 1415 342 1468 nostra,
380 1413 426 1456 in
462 1413 544 1456 hac
582 1413 711 1455 etiam
746 1412 882 1468 pietas
922 1412 1169 1456 subicietur.
1232 1410 1340 1455 Inde
1372 1415 1418 1456 et
1446 1411 1562 1456 liber

179 1473 329 1527 crevit,
373 1474 473 1516 dum
513 1489 665 1516 ornare
703 1474 888 1529 patriam
930 1476 973 1516 et
1004 1473 1272 1530 amplificare
1304 1471 1561 1531 gaudemus,

131 1548 153 1579 4
180 1534 338 1589 pariter
386 1537 429 1576 et
478 1534 717 1577 defensioni
767 1534 858 1577 eius
909 1535 1119 1578 servimus
1163 1537 1208 1578 et
1251 1534 1430 1592 gloriae.
1491 1533 1560 1577 Tu

179 1597 324 1637 tamen
348 1595 453 1637 haec
478 1594 591 1650 ipsa,
623 1599 833 1650 quantum
860 1596 971 1638 ratio
999 1596 1208 1653 exegerit,
1240 1609 1398 1639 reseca.
1443 1593 1560 1647 Quo-

1587 869 1623 896 10

1586 1186 1622 1215 1⁶

179 1655 291 1698 tiens
323 1654 436 1698 enim
469 1655 521 1697 ad
553 1656 774 1698 fastidium
805 1657 1044 1713 legentium
1071 1657 1336 1713 deliciasque
1359 1655 1562 1724 respicio,
1627 1695 1630 1697 .

179 1715 384 1771 intellego
427 1715 553 1758 nobis
585 1717 1004 1760 commendationem
1037 1721 1080 1761 et
1118 1733 1172 1761 ex
1202 1718 1301 1774 ipsa
1330 1716 1560 1761 mediocri-

132 1790 153 1821 5
179 1778 267 1818 tate
304 1775 404 1818 libri
442 1777 680 1831 petendam.
745 1777 863 1820 ldem
895 1781 1059 1826 tamen.
1100 1779 1177 1836 qui
1209 1793 1236 1822 a
1265 1781 1310 1822 te
1341 1778 1456 1822 hanc
1487 1793 1560 1821 au-

180 1836 415 1879 steritatem
450 1836 595 1893 exigo,
627 1852 759 1894 cogor
791 1839 854 1893 id,
887 1839 1003 1894 quod
1036 1839 1255 1883 diversum
1288 1841 1372 1896 est,
1410 1841 1562 1896 postu-

178 1897 291 1951 lare,
334 1899 383 1939 ut
428 1897 471 1938 in
512 1897 729 1953 plerisque
770 1899 959 1942 frontem
1003 1901 1212 1944 remittas.
1286 1899 1401 1944 Sunt
1444 1899 1562 1943 enim

179 1957 390 2013 quaedam
429 1957 767 2001 adulescentium
809 1960 985 2003 auribus
1025 1961 1183 2018 danda,
1226 1960 1484 2018 praesertim
1522 1960 1561 2005 si

180 2018 361 2060 materia
406 2033 495 2060 non
538 2018 796 2076 refragetur3
847 2036 947 2063 nam
992 2022 1305 2078 descriptiones
1347 2022 1561 2076 locorum,

180 2093 289 2134 quae
330 2079 377 2121 in
413 2078 497 2122 hoc
534 2079 645 2122 libro
688 2079 1001 2136 frequentiores
1039 2086 1183 2139 erunt,
1224 2099 1315 2127 non
1351 2082 1561 2127 historice

131 2152 153 2184 6
178 2141 369 2194 tantum,
410 2138 483 2181 sed
520 2154 655 2195 prope
689 2142 856 2195 poetice
888 2144 1093 2199 prosequi
1124 2144 1190 2188 fas
1217 2147 1295 2189 est.
1345 2142 1473 2196 Quod
1498 2145 1562 2186 ta-

179 2214 279 2243 men
323 2199 359 2242 si
405 2200 501 2255 quis
547 2201 739 2243 extiterit
784 2203 858 2257 qui
903 2206 1027 2258 putet
1070 2220 1151 2248 nos
1196 2205 1354 2249 laetius
1394 2203 1562 2260 fecisse,
1621 2213 1628 2261 ζ

276 2298 297 2329 ὅ
325 2305 344 2331 e
373 2274 545 2340 (θιὼ-Ἑρ
558 2307 589 2339 r,
624 2295 722 2335 Otto,
757 2297 901 2340 Maeli,
933 2310 1001 2334 om.
1027 2299 1119 2343 rell.,
1152 2310 1197 2335 ex
1223 2311 1298 2345 quo
1324 2298 1430 2337 velut
1454 2298 1562 2336 fonte
1620 2299 1626 2344 ᾗ

177 2342 198 2378 ,9
224 2343 273 2378 K.
386 2346 408 2378 8
435 2342 549 2378 facile
575 2344 613 2379 et
639 2344 738 2379 ratio
759 2345 861 2388 FD,
890 2345 912 2381 f.
930 2347 965 2382 ei
985 2359 1012 2382 r.
1030 2348 1079 2383 K.
1096 2348 1148 2383 II
1175 2349 1240 2393 (cf.
1264 2359 1402 2396 paneq.
1421 2350 1482 2392 38,
1507 2349 1560 2394 4).
1615 2347 1626 2391 J,

178 2394 222 2426 21
250 2391 470 2437 pariterque
490 2392 642 2438 Fpra,
671 2393 766 2437 Otto,
786 2394 917 2431 Maeli.
1019 2399 1063 2431 32
1086 2395 1202 2432 latius
1223 2397 1296 2444 Fp
1306 2410 1338 2443 r,
1358 2396 1504 2434 lautius
1523 2407 1562 2453 ᾳ,
1615 2398 1618 2399 ’

1563 2470 1630 2678 i

178 2438 317 2476 elatius
347 2440 440 2477 Ouo.
