1630 2678
159 135 245 180 122
748 126 787 162 C.
814 123 946 161 PLINI

175 238 302 279 avo-m
343 236 474 279 ‘bn-Z(
495 234 588 310 ss·
609 226 788 282 Ulmo-021
821 240 870 280 V.

418 330 459 364 C.
480 327 680 363 PLINIUS
706 326 861 362 NOVIO
889 324 1089 359 MAXIMO
1118 322 1212 358 SUO
1241 322 1279 357 S.

111 414 129 447 1
236 400 476 444 Nuntiatur
507 396 616 440 mihi
643 395 687 439 C.
716 394 932 438 Fannium
965 392 1221 448 decessisse3
1253 390 1332 448 qui
1361 389 1544 434 nuntius

158 478 226 506 me
258 459 380 518 gravi
412 459 561 502 dolore
594 456 809 513 confudit,
841 455 1033 512 primum
1067 452 1186 510 quod
1224 451 1368 496 amavi
1404 451 1546 496 homi-

157 538 254 567 nem
299 522 551 579 elegantem,
596 518 828 572 disertum,
873 515 1027 559 deinde
1072 512 1192 571 quod
1246 512 1410 558 iudicio
1452 512 1545 557 eius
1571 524 1589 553 υ

156 584 221 627 uti
253 581 457 626 solebam.
519 579 628 623 Erat
647 579 763 622 enim
784 580 936 622 acutus
962 578 1131 630 natura,
1161 589 1247 618 usu
1271 574 1548 632 exercitatus,

109 655 130 688 2
156 644 336 687 veritate
377 641 744 699 promptissimus.
821 637 961 695 Angit
1005 652 1074 680 me
1121 651 1253 693 super
1293 635 1380 680 ista
1420 649 1547 680 casus

157 705 311 762 ipsius:
344 702 528 747 decessit
558 701 694 744 veteri
725 701 1000 749 testamento,
1033 697 1195 754 omisit,
1228 711 1338 754 quos
1359 695 1547 741 maxime

157 765 383 823 diligebat,
424 764 680 820 prosecutus
714 765 798 818 est,
843 760 1002 817 quibus
1035 758 1244 803 offensior
1283 760 1387 802 erat.
1461 755 1548 801 Sed

156 827 240 870 hoc
271 827 507 880 utcumque
539 822 779 879 tolerabile,
811 822 987 879 gravius
1014 820 1137 878 illud,
1164 818 1290 876 quod.
1308 819 1549 876 pulcherri-
1574 829 1630 858 10‘

110 898 131 930 3
157 901 288 930 mum.
304 901 414 943 opus
439 884 743 941 imperfectum
774 883 964 939 reliquit.
1028 880 1238 933 Quamvis
1270 880 1386 924 enim
1419 894 1550 938 agen-

158 947 223 991 dis
255 946 396 990 causis
429 945 780 1003 distringeretur,
817 943 1035 988 scribebat
1065 945 1215 986 tamen
1255 941 1399 986 exitus
1438 941 1550 996 occi-⁴

158 1023 305 1052 sorum
332 1009 408 1051 aut
438 1007 731 1064 relegatorum
777 1021 802 1048 a
844 1004 1021 1048 Nerone
1066 1006 1110 1047 et
1153 1003 1242 1047 iam
1281 1005 1371 1047 tres
1411 1002 1549 1046 libros

159 1069 404 1112 absolverat
437 1067 616 1111 subtiles
649 1069 693 1110 et
724 1066 955 1123 diligentes
982 1068 1026 1108 et
1056 1064 1239 1108 Latinos
1271 1066 1404 1120 atque
1435 1063 1551 1108 inter

182 1144 402 1173 ermonem
426 1128 742 1184 historiamque
768 1127 935 1171 medios
962 1141 1012 1170 ac
1036 1128 1162 1170 tanto
1189 1124 1330 1184 magis
1354 1123 1550 1181 reliquos
1576 1139 1612 1168 ιο

159 1190 365 1247 perficere
391 1189 606 1246 cupiebat,
639 1190 802 1245 quanto
835 1187 1107 1244 frequentius
1139 1187 1187 1230 hi
1223 1185 1549 1231 lectitabantur.
1628 1230 1630 1234 ,

110 1262 134 1294 4
158 1251 267 1294 Mihi
300 1252 444 1294 autem
477 1250 650 1293 videtur
687 1250 840 1293 acerba
878 1264 1049 1305 semper
1089 1251 1134 1292 et
1170 1248 1391 1292 inmatura
1430 1261 1550 1291 mors

161 1327 328 1367 eorum,
367 1311 443 1368 qui
480 1310 712 1354 inmortale
751 1310 915 1366 aliquid
954 1312 1122 1367 parant.
1184 1308 1323 1365 Nam,
1362 1307 1439 1366 qui
1476 1322 1551 1352 vo-

160 1372 402 1429 luptatibus
436 1371 571 1415 dediti
604 1372 729 1428 quasi
760 1371 807 1415 in
839 1371 953 1414 diem
987 1371 1155 1427 vivunt,
1186 1369 1365 1414 vivendi
1396 1383 1550 1414 causas

163 1433 319 1476 cotidie
351 1433 528 1489 finiunt3
562 1433 637 1489 qui
657 1447 759 1476 vero
786 1435 986 1489 posteros
1007 1432 1206 1490 cogitant
1225 1433 1269 1475 et
1294 1430 1551 1475 memoriam
1576 1445 1614 1473 80

164 1493 231 1536 sui
263 1494 464 1550 operibus
497 1493 754 1547 extendunt,
786 1493 855 1536 his
895 1494 1018 1537 nulla
1049 1507 1168 1536 mors
1199 1506 1292 1536 non
1322 1491 1554 1548 repentina

165 1557 247 1606 est,
303 1557 353 1597 ut
402 1569 511 1610 quae
569 1570 737 1610 semper
787 1554 1042 1598 inchoatum
1094 1552 1262 1611 aliquid
1305 1553 1551 1610 abrumpat.

117 1624 139 1657 5
166 1613 297 1657 Gaius
330 1614 503 1671 quidem
534 1613 746 1671 Fannius,
778 1615 893 1671 quod
928 1615 1098 1672 accidit,
1130 1615 1272 1658 multo
1305 1615 1406 1658 ante
1430 1627 1551 1671 prae·
1626 1614 1630 1658 s

166 1675 311 1718 sensit.
381 1673 514 1718 Visus
547 1679 611 1718 est
649 1676 733 1719 sibi
770 1692 848 1733 per
882 1679 1142 1720 nocturnam
1182 1675 1375 1732 quietem
1412 1675 1553 1718 iacere

166 1737 212 1778 in
242 1736 403 1778 lectulo
446 1750 523 1778 suo
566 1738 833 1793 compositus
876 1738 922 1780 in
963 1737 1164 1781 habitum
1205 1735 1434 1792 studentiS,
1477 1735 1554 1779 ha-
1579 1749 1630 1790 πρ

167 1796 267 1839 bere
300 1798 399 1839 ante
431 1810 476 1838 se
515 1797 720 1839 scrinium
768 1798 849 1855 (ita
893 1797 1101 1856 solebat);
1141 1813 1246 1842 mox
1289 1797 1554 1855 imaginatus
1627 1797 1630 1843 ἵ

167 1859 234 1900 est
264 1856 432 1899 venisse
457 1855 689 1913 Neronem,
721 1859 767 1901 in
797 1862 895 1902 toro
920 1859 1142 1916 resedisse,
1168 1859 1437 1916 prompsisse
1468 1857 1556 1915 pri·
1626 1864 1630 1907 ζ

167 1932 288 1960 mum
319 1917 494 1971 librum,
527 1933 655 1973 quem
679 1918 731 1961 de
751 1920 986 1964 sceleribus
1019 1921 1111 1964 eius
1138 1919 1343 1977 ediderat,
1369 1933 1556 1976 eumque

169 1977 223 2021 ad
274 1980 514 2021 extremum
564 1978 771 2036 volvisse,
819 1981 934 2024 idem
985 1982 1029 2024 in
1081 1981 1272 2025 secundo
1323 1995 1375 2024 ac
1423 1979 1555 2024 tertio
1624 1979 1630 2019 Ῐ

122 2050 143 2083 6
168 2037 333 2090 fecisse,
365 2041 470 2081 tunc
503 2038 655 2082 abisse.
718 2039 909 2097 Expavit
941 2044 984 2085 et
1016 2042 1078 2086 sic
1123 2043 1436 2099 interpretatus
1477 2042 1556 2098 est,
1581 2053 1621 2082 ω

267 2149 287 2180 2
314 2145 435 2182 Novio
462 2156 508 2181 ex
531 2146 607 2182 solo
627 2146 664 2182 R
685 2147 802 2184 Merr.
829 2150 951 2193 tacite,
979 2148 1105 2186 Nonio
1130 2150 1244 2197 vala,
1268 2150 1317 2195 cf.
1337 2149 1390 2186 ad
1406 2148 1477 2186 IV
1493 2150 1556 2184 20.
1627 2149 1630 2166 ²

171 2198 192 2230 3
226 2194 427 2229 nuntiatur
452 2197 589 2239 (nunc,
615 2197 738 2240 none.)
771 2197 971 2242 RFpra,
1007 2199 1109 2243 Otto,
1139 2198 1188 2243 cf.
1215 2199 1291 2235 III
1309 2200 1373 2244 21,
1397 2200 1435 2242 1,
1460 2208 1558 2234 nun·

170 2243 311 2279 tiatum
337 2242 390 2287 D,
418 2242 638 2278 nuntiatum
663 2255 711 2279 m.
739 2246 797 2280 est
823 2246 883 2289 M,
909 2247 973 2291 K,
999 2247 1133 2294 Stanyl
1156 2249 1241 2284 649.
1350 2250 1374 2283 4
1399 2244 1558 2283 confun-

171 2291 231 2327 dit
257 2292 313 2327 M.
434 2294 453 2326 6
481 2292 559 2326 nat.
587 2293 686 2327 aeut.
714 2292 907 2338 RFpra.
1027 2299 1046 2331 7
1073 2295 1261 2332 varietate
1281 2303 1355 2342 ps,
1379 2293 1559 2331 ubertate
1623 2289 1630 2315 s

172 2340 345 2376 Momms.
499 2343 545 2376 25
577 2339 753 2376 habitum
787 2342 882 2387 RF,
915 2343 966 2379 K.
987 2344 1050 2385 ΙΙ,
1082 2343 1220 2380 habitu
1252 2344 1419 2390 Mpra,
1451 2343 1504 2380 K.
1523 2343 1559 2380 Ι.
1628 2342 1630 2348 '

172 2392 218 2424 27
245 2386 431 2424 resedisse
452 2388 499 2423 M
510 2389 550 2424 D
557 2399 585 2434 p
595 2400 633 2433 r,
651 2389 762 2436 vuly„
785 2390 925 2427 sedisse
947 2392 1084 2436 RFa,
1105 2394 1224 2429 Merr.
1326 2395 1372 2429 29
1396 2391 1559 2429 volvisse
1619 2381 1630 2412 Δ·

174 2437 271 2482 RF,
296 2436 499 2473 revolvisse
526 2437 566 2473 D
571 2448 682 2483 pra,
708 2439 819 2485 vulg„
844 2439 1064 2476 revolvisset
1090 2441 1148 2477 M.
