<?xml version="1.0" encoding="UTF-8"?>
<!DOCTYPE html PUBLIC "-//W3C//DTD XHTML 1.0 Transitional//EN"
    "http://www.w3.org/TR/xhtml1/DTD/xhtml1-transitional.dtd">
<html xmlns="http://www.w3.org/1999/xhtml" xml:lang="en" lang="en">
 <head>
  <title>
</title>
<meta http-equiv="Content-Type" content="text/html;charset=utf-8" />
  <meta name='ocr-system' content='tesseract 3.04.00' />
  <meta name='ocr-capabilities' content='ocr_page ocr_carea ocr_par ocr_line ocrx_word'/>
</head>
<body>
  <div class='ocr_page' id='page_1' title='image "./epistularumlibr00plin_0273.png"; bbox 0 0 1716 2742; ppageno 0'>
   <div class='ocr_carea' id='block_1_1' title="bbox 497 133 1517 185">
    <p class='ocr_par' dir='ltr' id='par_1_1' title="bbox 497 133 1517 185">
     <span class='ocr_line' id='line_1_1' title="bbox 497 133 1517 185; baseline 0.012 -14"><span class='ocrx_word' id='word_1_1' title='bbox 497 133 863 172; x_wconf 81' lang='lat' dir='ltr'><strong>EPISTULARUM</strong></span> <span class='ocrx_word' id='word_1_2' title='bbox 888 134 942 172; x_wconf 83' lang='lat' dir='ltr'>IX</span> <span class='ocrx_word' id='word_1_3' title='bbox 969 139 1032 181; x_wconf 80' lang='lat'>32,</span> <span class='ocrx_word' id='word_1_4' title='bbox 1057 139 1116 174; x_wconf 83' lang='lat'>33.</span> <span class='ocrx_word' id='word_1_5' title='bbox 1428 138 1517 185; x_wconf 71' lang='lat'>257</span> 
     </span>
    </p>
   </div>
   <div class='ocr_carea' id='block_1_2' title="bbox 0 227 1521 310">
    <p class='ocr_par' dir='ltr' id='par_1_2' title="bbox 0 227 1521 310">
     <span class='ocr_line' id='line_1_2' title="bbox 0 227 1521 310; baseline 0.001 -17"><span class='ocrx_word' id='word_1_6' title='bbox 0 227 2 233; x_wconf 15' lang='grc' dir='ltr'>λ</span> <span class='ocrx_word' id='word_1_7' title='bbox 84 248 360 308; x_wconf 79' lang='lat' dir='ltr'>Delphinus,</span> <span class='ocrx_word' id='word_1_8' title='bbox 391 250 521 306; x_wconf 82' lang='lat' dir='ltr'>quasi</span> <span class='ocrx_word' id='word_1_9' title='bbox 554 249 733 306; x_wconf 83' lang='lat' dir='ltr'>invitet,</span> <span class='ocrx_word' id='word_1_10' title='bbox 765 252 962 307; x_wconf 85' lang='lat' dir='ltr'>revocet,</span> <span class='ocrx_word' id='word_1_11' title='bbox 990 250 1135 307; x_wconf 86' lang='lat' dir='ltr'>exilit,</span> <span class='ocrx_word' id='word_1_12' title='bbox 1162 251 1381 310; x_wconf 76' lang='lat' dir='ltr'>mergitur</span> <span class='ocrx_word' id='word_1_13' title='bbox 1407 252 1521 295; x_wconf 86' lang='lat' dir='ltr'>vari-</span> 
     </span>
    </p>
   </div>
   <div class='ocr_carea' id='block_1_3' title="bbox 0 311 1569 371">
    <p class='ocr_par' dir='ltr' id='par_1_3' title="bbox 0 311 1569 371">
     <span class='ocr_line' id='line_1_3' title="bbox 0 311 1569 371; baseline 0.003 -16"><span class='ocrx_word' id='word_1_14' title='bbox 0 319 2 323; x_wconf 83' lang='grc'>’</span> <span class='ocrx_word' id='word_1_15' title='bbox 85 325 226 370; x_wconf 89' lang='lat' dir='ltr'>osque</span> <span class='ocrx_word' id='word_1_16' title='bbox 259 311 388 356; x_wconf 89' lang='lat' dir='ltr'>orbes</span> <span class='ocrx_word' id='word_1_17' title='bbox 421 311 627 370; x_wconf 89' lang='lat' dir='ltr'>implicat</span> <span class='ocrx_word' id='word_1_18' title='bbox 660 312 939 369; x_wconf 86' lang='lat' dir='ltr'>expeditque.</span> <span class='ocrx_word' id='word_1_19' title='bbox 1005 312 1107 357; x_wconf 91' lang='lat' dir='ltr'>Hoc</span> <span class='ocrx_word' id='word_1_20' title='bbox 1140 314 1282 358; x_wconf 84' lang='lat' dir='ltr'>altero</span> <span class='ocrx_word' id='word_1_21' title='bbox 1317 313 1407 371; x_wconf 84' lang='lat' dir='ltr'>die,</span> <span class='ocrx_word' id='word_1_22' title='bbox 1432 313 1520 359; x_wconf 89' lang='lat' dir='ltr'>hoc</span> <span class='ocrx_word' id='word_1_23' title='bbox 1548 329 1569 361; x_wconf 78' lang='grc'>6</span> 
     </span>
    </p>
   </div>
   <div class='ocr_carea' id='block_1_4' title="bbox 21 824 58 851">
    <p class='ocr_par' dir='ltr' id='par_1_4' title="bbox 21 824 58 851">
     <span class='ocr_line' id='line_1_4' title="bbox 21 824 58 851; baseline 0 0"><span class='ocrx_word' id='word_1_24' title='bbox 21 824 58 851; x_wconf 85' lang='grc'>10</span> 
     </span>
    </p>
   </div>
   <div class='ocr_carea' id='block_1_5' title="bbox 83 373 1569 871">
    <p class='ocr_par' dir='ltr' id='par_1_5' title="bbox 83 373 1569 871">
     <span class='ocr_line' id='line_1_5' title="bbox 83 373 1521 432; baseline 0.001 -13"><span class='ocrx_word' id='word_1_25' title='bbox 83 373 242 432; x_wconf 83' lang='lat' dir='ltr'>tertio,</span> <span class='ocrx_word' id='word_1_26' title='bbox 281 374 371 419; x_wconf 90' lang='grc'><strong>1100</strong></span> <span class='ocrx_word' id='word_1_27' title='bbox 413 375 640 432; x_wconf 88' lang='lat' dir='ltr'>pluribus,</span> <span class='ocrx_word' id='word_1_28' title='bbox 682 374 825 418; x_wconf 86' lang='lat' dir='ltr'>donec</span> <span class='ocrx_word' id='word_1_29' title='bbox 870 375 1076 420; x_wconf 88' lang='lat' dir='ltr'>homines</span> <span class='ocrx_word' id='word_1_30' title='bbox 1119 375 1364 420; x_wconf 69' lang='lat' dir='ltr'>innutritos</span> <span class='ocrx_word' id='word_1_31' title='bbox 1406 377 1521 420; x_wconf 87' lang='lat' dir='ltr'>mari</span> 
     </span>
     <span class='ocr_line' id='line_1_6' title="bbox 85 436 1522 497; baseline 0.001 -15"><span class='ocrx_word' id='word_1_32' title='bbox 85 436 258 482; x_wconf 75' lang='lat' dir='ltr'>subitet</span> <span class='ocrx_word' id='word_1_33' title='bbox 282 436 471 482; x_wconf 84' lang='lat' dir='ltr'>timendi</span> <span class='ocrx_word' id='word_1_34' title='bbox 498 437 656 495; x_wconf 88' lang='lat' dir='ltr'>pudor.</span> <span class='ocrx_word' id='word_1_35' title='bbox 721 436 956 482; x_wconf 84' lang='lat' dir='ltr'>Accedunt</span> <span class='ocrx_word' id='word_1_36' title='bbox 982 441 1027 482; x_wconf 88' lang='lat' dir='ltr'>et</span> <span class='ocrx_word' id='word_1_37' title='bbox 1053 439 1273 483; x_wconf 90' lang='lat' dir='ltr'>adludunt</span> <span class='ocrx_word' id='word_1_38' title='bbox 1299 442 1346 484; x_wconf 88' lang='lat' dir='ltr'>et</span> <span class='ocrx_word' id='word_1_39' title='bbox 1371 440 1522 497; x_wconf 89' lang='lat' dir='ltr'>appel-</span> 
     </span>
     <span class='ocr_line' id='line_1_7' title="bbox 83 499 1523 559; baseline 0.001 -15"><span class='ocrx_word' id='word_1_40' title='bbox 83 499 201 558; x_wconf 82' lang='lat' dir='ltr'>lant,</span> <span class='ocrx_word' id='word_1_41' title='bbox 230 503 427 559; x_wconf 85' lang='lat' dir='ltr'>tangunt</span> <span class='ocrx_word' id='word_1_42' title='bbox 453 500 589 544; x_wconf 86' lang='lat' dir='ltr'>etiam</span> <span class='ocrx_word' id='word_1_43' title='bbox 617 503 982 558; x_wconf 83' lang='lat' dir='ltr'>pertrectantque</span> <span class='ocrx_word' id='word_1_44' title='bbox 1008 501 1311 558; x_wconf 80' lang='lat' dir='ltr'>praebentem.</span> <span class='ocrx_word' id='word_1_45' title='bbox 1351 500 1523 547; x_wconf 85' lang='lat' dir='ltr'>Crescit</span> 
     </span>
     <span class='ocr_line' id='line_1_8' title="bbox 84 561 1521 622; baseline 0.001 -16"><span class='ocrx_word' id='word_1_46' title='bbox 84 561 272 607; x_wconf 85' lang='lat' dir='ltr'>audacia</span> <span class='ocrx_word' id='word_1_47' title='bbox 304 563 623 621; x_wconf 83' lang='lat' dir='ltr'>experimento.</span> <span class='ocrx_word' id='word_1_48' title='bbox 698 562 893 607; x_wconf 81' lang='lat' dir='ltr'>Maxime</span> <span class='ocrx_word' id='word_1_49' title='bbox 936 579 1067 621; x_wconf 88' lang='lat' dir='ltr'>puer,</span> <span class='ocrx_word' id='word_1_50' title='bbox 1111 565 1189 621; x_wconf 87' lang='lat' dir='ltr'>qui</span> <span class='ocrx_word' id='word_1_51' title='bbox 1231 565 1405 622; x_wconf 89' lang='lat' dir='ltr'>primus</span> <span class='ocrx_word' id='word_1_52' title='bbox 1449 580 1521 609; x_wconf 79' lang='lat' dir='ltr'>ex·</span> 
     </span>
     <span class='ocr_line' id='line_1_9' title="bbox 83 626 1522 686; baseline 0.002 -17"><span class='ocrx_word' id='word_1_53' title='bbox 83 627 240 683; x_wconf 88' lang='lat' dir='ltr'>pertus</span> <span class='ocrx_word' id='word_1_54' title='bbox 266 628 348 683; x_wconf 88' lang='lat' dir='ltr'>est,</span> <span class='ocrx_word' id='word_1_55' title='bbox 367 626 552 670; x_wconf 83' lang='lat' dir='ltr'>adnatat</span> <span class='ocrx_word' id='word_1_56' title='bbox 573 626 714 682; x_wconf 85' lang='lat' dir='ltr'>nanti,</span> <span class='ocrx_word' id='word_1_57' title='bbox 734 626 876 669; x_wconf 88' lang='lat' dir='ltr'>insilit</span> <span class='ocrx_word' id='word_1_58' title='bbox 896 629 1039 685; x_wconf 80' lang='lat' dir='ltr'>tergo,</span> <span class='ocrx_word' id='word_1_59' title='bbox 1058 627 1202 670; x_wconf 84' lang='lat' dir='ltr'>fertur</span> <span class='ocrx_word' id='word_1_60' title='bbox 1227 628 1522 686; x_wconf 75' lang='lat' dir='ltr'>referturque,</span> 
     </span>
     <span class='ocr_line' id='line_1_10' title="bbox 83 687 1523 747; baseline 0.002 -15"><span class='ocrx_word' id='word_1_61' title='bbox 83 687 271 747; x_wconf 78' lang='lat' dir='ltr'>agnosci</span> <span class='ocrx_word' id='word_1_62' title='bbox 296 703 357 746; x_wconf 90' lang='lat' dir='ltr'>se,</span> <span class='ocrx_word' id='word_1_63' title='bbox 382 689 523 732; x_wconf 87' lang='lat' dir='ltr'>amari</span> <span class='ocrx_word' id='word_1_64' title='bbox 550 691 694 746; x_wconf 89' lang='lat' dir='ltr'>putat,</span> <span class='ocrx_word' id='word_1_65' title='bbox 720 691 842 732; x_wconf 86' lang='lat' dir='ltr'>amat</span> <span class='ocrx_word' id='word_1_66' title='bbox 867 689 983 746; x_wconf 78' lang='lat' dir='ltr'>ipse3</span> <span class='ocrx_word' id='word_1_67' title='bbox 1009 692 1167 733; x_wconf 89' lang='lat' dir='ltr'>neuter</span> <span class='ocrx_word' id='word_1_68' title='bbox 1192 690 1341 747; x_wconf 90' lang='lat' dir='ltr'>timet,</span> <span class='ocrx_word' id='word_1_69' title='bbox 1363 693 1523 735; x_wconf 87' lang='lat' dir='ltr'>neuter</span> 
     </span>
     <span class='ocr_line' id='line_1_11' title="bbox 83 750 1569 812; baseline 0.003 -18"><span class='ocrx_word' id='word_1_70' title='bbox 83 750 288 808; x_wconf 81' lang='lat' dir='ltr'>timetu13</span> <span class='ocrx_word' id='word_1_71' title='bbox 319 751 454 795; x_wconf 89' lang='lat' dir='ltr'>huius</span> <span class='ocrx_word' id='word_1_72' title='bbox 488 751 672 807; x_wconf 88' lang='lat' dir='ltr'>fiducia,</span> <span class='ocrx_word' id='word_1_73' title='bbox 705 752 1003 795; x_wconf 86' lang='lat' dir='ltr'>mansuetudo</span> <span class='ocrx_word' id='word_1_74' title='bbox 1031 752 1154 796; x_wconf 88' lang='lat' dir='ltr'>illius</span> <span class='ocrx_word' id='word_1_75' title='bbox 1182 755 1382 812; x_wconf 84' lang='lat' dir='ltr'>augetur.</span> <span class='ocrx_word' id='word_1_76' title='bbox 1422 752 1521 798; x_wconf 87' lang='lat' dir='ltr'>Nec</span> <span class='ocrx_word' id='word_1_77' title='bbox 1549 767 1569 799; x_wconf 81' lang='grc'>’1</span> 
     </span>
     <span class='ocr_line' id='line_1_12' title="bbox 83 814 1521 871; baseline 0.002 -14"><span class='ocrx_word' id='word_1_78' title='bbox 83 828 178 857; x_wconf 90' lang='grc'><strong>11011</strong></span> <span class='ocrx_word' id='word_1_79' title='bbox 219 814 298 858; x_wconf 88' lang='lat' dir='ltr'>alii</span> <span class='ocrx_word' id='word_1_80' title='bbox 340 814 468 871; x_wconf 90' lang='lat' dir='ltr'>pueri</span> <span class='ocrx_word' id='word_1_81' title='bbox 511 814 668 858; x_wconf 79' lang='lat' dir='ltr'>dextra</span> <span class='ocrx_word' id='word_1_82' title='bbox 709 815 926 871; x_wconf 84' lang='lat' dir='ltr'>laevaque</span> <span class='ocrx_word' id='word_1_83' title='bbox 960 815 1096 858; x_wconf 89' lang='lat' dir='ltr'>simul</span> <span class='ocrx_word' id='word_1_84' title='bbox 1139 819 1247 859; x_wconf 89' lang='lat' dir='ltr'>eunt</span> <span class='ocrx_word' id='word_1_85' title='bbox 1288 816 1521 860; x_wconf 78' lang='lat' dir='ltr'>hortantes</span> 
     </span>
    </p>
   </div>
   <div class='ocr_carea' id='block_1_6' title="bbox 47 875 1521 936">
    <p class='ocr_par' dir='ltr' id='par_1_6' title="bbox 47 875 1521 936">
     <span class='ocr_line' id='line_1_13' title="bbox 47 875 1521 936; baseline 0.002 -16"><span class='ocrx_word' id='word_1_86' title='bbox 47 883 50 886; x_wconf 77' lang='grc'>’</span> <span class='ocrx_word' id='word_1_87' title='bbox 84 879 419 934; x_wconf 86' lang='lat' dir='ltr'>monentesque.</span> <span class='ocrx_word' id='word_1_88' title='bbox 483 875 586 920; x_wconf 89' lang='lat' dir='ltr'>Ibat</span> <span class='ocrx_word' id='word_1_89' title='bbox 617 892 708 921; x_wconf 83' lang='lat' dir='ltr'>una</span> <span class='ocrx_word' id='word_1_90' title='bbox 740 875 807 935; x_wconf 88' lang='lat' dir='ltr'>(id</span> <span class='ocrx_word' id='word_1_91' title='bbox 841 892 1020 934; x_wconf 90' lang='lat' dir='ltr'>quoque</span> <span class='ocrx_word' id='word_1_92' title='bbox 1061 876 1246 936; x_wconf 81' lang='lat' dir='ltr'>mirum)</span> <span class='ocrx_word' id='word_1_93' title='bbox 1281 878 1521 936; x_wconf 83' lang='lat' dir='ltr'>delphinus</span> 
     </span>
    </p>
   </div>
   <div class='ocr_carea' id='block_1_7' title="bbox 20 1137 57 1164">
    <p class='ocr_par' dir='ltr' id='par_1_7' title="bbox 20 1137 57 1164">
     <span class='ocr_line' id='line_1_14' title="bbox 20 1137 57 1164; baseline 0 0"><span class='ocrx_word' id='word_1_94' title='bbox 20 1137 57 1164; x_wconf 87' lang='lat'>15</span> 
     </span>
    </p>
   </div>
   <div class='ocr_carea' id='block_1_8' title="bbox 3 1691 1517 1752">
    <p class='ocr_par' dir='ltr' id='par_1_8' title="bbox 3 1691 1517 1752">
     <span class='ocr_line' id='line_1_15' title="bbox 3 1691 1517 1752; baseline 0.003 -17"><span class='ocrx_word' id='word_1_95' title='bbox 3 1700 7 1707; x_wconf 91' lang='lat'><em>&#39;</em></span> <span class='ocrx_word' id='word_1_96' title='bbox 81 1691 392 1751; x_wconf 76' lang='lat' dir='ltr'>magistratus,</span> <span class='ocrx_word' id='word_1_97' title='bbox 424 1707 617 1749; x_wconf 91' lang='lat' dir='ltr'>quorum</span> <span class='ocrx_word' id='word_1_98' title='bbox 651 1693 847 1736; x_wconf 85' lang='lat' dir='ltr'>adventu</span> <span class='ocrx_word' id='word_1_99' title='bbox 881 1694 926 1736; x_wconf 90' lang='lat' dir='ltr'>et</span> <span class='ocrx_word' id='word_1_100' title='bbox 959 1708 1086 1736; x_wconf 85' lang='lat' dir='ltr'>mora</span> <span class='ocrx_word' id='word_1_101' title='bbox 1117 1693 1294 1738; x_wconf 86' lang='lat' dir='ltr'>modica</span> <span class='ocrx_word' id='word_1_102' title='bbox 1325 1709 1397 1738; x_wconf 89' lang='lat' dir='ltr'>res</span> <span class='ocrx_word' id='word_1_103' title='bbox 1432 1710 1517 1752; x_wconf 85' lang='lat' dir='ltr'>pu-</span> 
     </span>
    </p>
   </div>
   <div class='ocr_carea' id='block_1_9' title="bbox 19 1763 55 1791">
    <p class='ocr_par' dir='ltr' id='par_1_9' title="bbox 19 1763 55 1791">
     <span class='ocr_line' id='line_1_16' title="bbox 19 1763 55 1791; baseline 0 0"><span class='ocrx_word' id='word_1_104' title='bbox 19 1763 55 1791; x_wconf 68' lang='grc'>25</span> 
     </span>
    </p>
   </div>
   <div class='ocr_carea' id='block_1_10' title="bbox 17 2078 56 2106">
    <p class='ocr_par' dir='ltr' id='par_1_10' title="bbox 17 2078 56 2106">
     <span class='ocr_line' id='line_1_17' title="bbox 17 2078 56 2106; baseline 0.051 -2"><span class='ocrx_word' id='word_1_105' title='bbox 17 2078 56 2106; x_wconf 75' lang='grc' dir='ltr'>Βθ</span> 
     </span>
    </p>
   </div>
   <div class='ocr_carea' id='block_1_11' title="bbox 80 938 1571 1563">
    <p class='ocr_par' dir='ltr' id='par_1_11' title="bbox 80 938 1571 1561">
     <span class='ocr_line' id='line_1_18' title="bbox 83 938 1524 997; baseline 0.001 -14"><span class='ocrx_word' id='word_1_106' title='bbox 83 938 219 996; x_wconf 84' lang='lat' dir='ltr'>alius,</span> <span class='ocrx_word' id='word_1_107' title='bbox 250 942 428 983; x_wconf 87' lang='lat' dir='ltr'>tantum</span> <span class='ocrx_word' id='word_1_108' title='bbox 463 942 690 997; x_wconf 89' lang='lat' dir='ltr'>spectator</span> <span class='ocrx_word' id='word_1_109' title='bbox 729 943 774 983; x_wconf 86' lang='lat' dir='ltr'>et</span> <span class='ocrx_word' id='word_1_110' title='bbox 814 955 975 983; x_wconf 87' lang='lat' dir='ltr'>comes.</span> <span class='ocrx_word' id='word_1_111' title='bbox 1047 939 1178 984; x_wconf 90' lang='lat' dir='ltr'>Nihil</span> <span class='ocrx_word' id='word_1_112' title='bbox 1217 941 1334 984; x_wconf 89' lang='lat' dir='ltr'>enim</span> <span class='ocrx_word' id='word_1_113' title='bbox 1376 941 1524 986; x_wconf 83' lang='lat' dir='ltr'>simile</span> 
     </span>
     <span class='ocr_line' id='line_1_19' title="bbox 83 1001 1522 1062; baseline 0.001 -16"><span class='ocrx_word' id='word_1_114' title='bbox 83 1003 163 1046; x_wconf 84' lang='lat' dir='ltr'>aut</span> <span class='ocrx_word' id='word_1_115' title='bbox 194 1001 389 1046; x_wconf 81' lang='lat' dir='ltr'>faciebat</span> <span class='ocrx_word' id='word_1_116' title='bbox 422 1004 499 1046; x_wconf 87' lang='lat' dir='ltr'>aut</span> <span class='ocrx_word' id='word_1_117' title='bbox 531 1003 806 1060; x_wconf 84' lang='lat' dir='ltr'>patiebatur,</span> <span class='ocrx_word' id='word_1_118' title='bbox 834 1003 910 1046; x_wconf 88' lang='lat' dir='ltr'>sed</span> <span class='ocrx_word' id='word_1_119' title='bbox 941 1003 1132 1046; x_wconf 87' lang='lat' dir='ltr'>alterum</span> <span class='ocrx_word' id='word_1_120' title='bbox 1160 1003 1290 1048; x_wconf 88' lang='lat' dir='ltr'>illum</span> <span class='ocrx_word' id='word_1_121' title='bbox 1317 1003 1522 1062; x_wconf 90' lang='lat' dir='ltr'>ducebat,</span> 
     </span>
     <span class='ocr_line' id='line_1_20' title="bbox 83 1063 1571 1125; baseline 0.004 -18"><span class='ocrx_word' id='word_1_122' title='bbox 83 1063 326 1110; x_wconf 83' lang='lat' dir='ltr'>reducebat</span> <span class='ocrx_word' id='word_1_123' title='bbox 369 1068 422 1108; x_wconf 91' lang='lat' dir='ltr'>ut</span> <span class='ocrx_word' id='word_1_124' title='bbox 465 1080 655 1122; x_wconf 89' lang='lat' dir='ltr'>puerum</span> <span class='ocrx_word' id='word_1_125' title='bbox 696 1065 832 1109; x_wconf 86' lang='lat' dir='ltr'>ceteri</span> <span class='ocrx_word' id='word_1_126' title='bbox 884 1066 1023 1123; x_wconf 90' lang='lat' dir='ltr'>pueri.</span> <span class='ocrx_word' id='word_1_127' title='bbox 1098 1065 1386 1125; x_wconf 81' lang='lat' dir='ltr'>Incredibile,</span> <span class='ocrx_word' id='word_1_128' title='bbox 1426 1069 1520 1112; x_wconf 88' lang='lat' dir='ltr'>tam</span> <span class='ocrx_word' id='word_1_129' title='bbox 1547 1080 1571 1114; x_wconf 88' lang='lat'><em>8</em></span> 
     </span>
     <span class='ocr_line' id='line_1_21' title="bbox 82 1128 1522 1188; baseline 0.003 -18"><span class='ocrx_word' id='word_1_130' title='bbox 82 1142 240 1171; x_wconf 82' lang='lat' dir='ltr'>verum</span> <span class='ocrx_word' id='word_1_131' title='bbox 273 1129 425 1171; x_wconf 89' lang='lat' dir='ltr'>tamen</span> <span class='ocrx_word' id='word_1_132' title='bbox 457 1142 592 1186; x_wconf 90' lang='lat' dir='ltr'>quam</span> <span class='ocrx_word' id='word_1_133' title='bbox 626 1128 797 1186; x_wconf 87' lang='lat' dir='ltr'>priora,</span> <span class='ocrx_word' id='word_1_134' title='bbox 829 1128 1095 1186; x_wconf 87' lang='lat' dir='ltr'>delphinum</span> <span class='ocrx_word' id='word_1_135' title='bbox 1125 1131 1398 1188; x_wconf 82' lang='lat' dir='ltr'>gestatorem</span> <span class='ocrx_word' id='word_1_136' title='bbox 1432 1131 1522 1174; x_wconf 90' lang='lat' dir='ltr'>col·</span> 
     </span>
     <span class='ocr_line' id='line_1_22' title="bbox 81 1189 1520 1262; baseline 0.002 -28"><span class='ocrx_word' id='word_1_137' title='bbox 81 1189 370 1248; x_wconf 88' lang='lat' dir='ltr'>lusoremque</span> <span class='ocrx_word' id='word_1_138' title='bbox 396 1205 639 1247; x_wconf 88' lang='lat' dir='ltr'>puerorum</span> <span class='ocrx_word' id='word_1_139' title='bbox 667 1191 716 1233; x_wconf 88' lang='lat' dir='ltr'>in</span> <span class='ocrx_word' id='word_1_140' title='bbox 741 1193 907 1234; x_wconf 88' lang='lat' dir='ltr'>terram</span> <span class='ocrx_word' id='word_1_141' title='bbox 929 1205 1109 1262; x_wconf 81' lang='lat' dir='ltr'>quoque</span> <span class='ocrx_word' id='word_1_142' title='bbox 1133 1192 1308 1236; x_wconf 83' lang='lat' dir='ltr'>extrahi</span> <span class='ocrx_word' id='word_1_143' title='bbox 1336 1192 1520 1237; x_wconf 87' lang='lat' dir='ltr'>solitum</span> 
     </span>
     <span class='ocr_line' id='line_1_23' title="bbox 82 1252 1519 1310; baseline 0.002 -14"><span class='ocrx_word' id='word_1_144' title='bbox 82 1252 350 1310; x_wconf 77' lang='lat' dir='ltr'>harenisque</span> <span class='ocrx_word' id='word_1_145' title='bbox 383 1253 622 1310; x_wconf 86' lang='lat' dir='ltr'>siccatum,</span> <span class='ocrx_word' id='word_1_146' title='bbox 658 1254 738 1297; x_wconf 90' lang='lat' dir='ltr'>ubi</span> <span class='ocrx_word' id='word_1_147' title='bbox 775 1253 1056 1310; x_wconf 81' lang='lat' dir='ltr'>incaluisset,</span> <span class='ocrx_word' id='word_1_148' title='bbox 1093 1255 1140 1298; x_wconf 88' lang='lat' dir='ltr'>in</span> <span class='ocrx_word' id='word_1_149' title='bbox 1174 1270 1295 1298; x_wconf 84' lang='lat' dir='ltr'>mare</span> <span class='ocrx_word' id='word_1_150' title='bbox 1336 1255 1519 1299; x_wconf 83' lang='lat' dir='ltr'>revolvi.</span> 
     </span>
     <span class='ocr_line' id='line_1_24' title="bbox 83 1288 1568 1376; baseline 0.003 -18"><span class='ocrx_word' id='word_1_151' title='bbox 83 1313 272 1359; x_wconf 85' lang='lat' dir='ltr'>Constat</span> <span class='ocrx_word' id='word_1_152' title='bbox 291 1313 530 1360; x_wconf 87' lang='lat' dir='ltr'>Octavium</span> <span class='ocrx_word' id='word_1_153' title='bbox 554 1314 757 1374; x_wconf 84' lang='lat' dir='ltr'>Avitum,</span> <span class='ocrx_word' id='word_1_154' title='bbox 782 1317 983 1376; x_wconf 84' lang='lat' dir='ltr'>legatum</span> <span class='ocrx_word' id='word_1_155' title='bbox 1010 1288 1347 1375; x_wconf 67' lang='lat' dir='ltr'>pioeonsulis,</span> <span class='ocrx_word' id='word_1_156' title='bbox 1335 1334 1385 1362; x_wconf 90' lang='grc'>111</span> <span class='ocrx_word' id='word_1_157' title='bbox 1408 1318 1520 1362; x_wconf 81' lang='lat' dir='ltr'>litus</span> <span class='ocrx_word' id='word_1_158' title='bbox 1548 1332 1568 1364; x_wconf 87' lang='lat'>9</span> 
     </span>
     <span class='ocr_line' id='line_1_25' title="bbox 82 1377 1519 1451; baseline 0.002 -30"><span class='ocrx_word' id='word_1_159' title='bbox 82 1377 244 1422; x_wconf 86' lang='lat' dir='ltr'>educto</span> <span class='ocrx_word' id='word_1_160' title='bbox 276 1378 496 1438; x_wconf 88' lang='lat' dir='ltr'>religione</span> <span class='ocrx_word' id='word_1_161' title='bbox 528 1394 668 1436; x_wconf 86' lang='lat' dir='ltr'>prava</span> <span class='ocrx_word' id='word_1_162' title='bbox 711 1379 1017 1451; x_wconf 81' lang='lat' dir='ltr'>superfudisse</span> <span class='ocrx_word' id='word_1_163' title='bbox 1055 1383 1352 1439; x_wconf 87' lang='lat' dir='ltr'>unguentum,</span> <span class='ocrx_word' id='word_1_164' title='bbox 1392 1380 1519 1425; x_wconf 87' lang='lat' dir='ltr'>cuius</span> 
     </span>
     <span class='ocr_line' id='line_1_26' title="bbox 81 1439 1520 1502; baseline 0.002 -18"><span class='ocrx_word' id='word_1_165' title='bbox 81 1439 212 1485; x_wconf 87' lang='lat' dir='ltr'>illum</span> <span class='ocrx_word' id='word_1_166' title='bbox 257 1441 506 1485; x_wconf 85' lang='lat' dir='ltr'>novitatem</span> <span class='ocrx_word' id='word_1_167' title='bbox 553 1442 827 1499; x_wconf 88' lang='lat' dir='ltr'>odoremque</span> <span class='ocrx_word' id='word_1_168' title='bbox 874 1443 921 1485; x_wconf 89' lang='lat' dir='ltr'>in</span> <span class='ocrx_word' id='word_1_169' title='bbox 971 1443 1113 1486; x_wconf 87' lang='lat' dir='ltr'>altum</span> <span class='ocrx_word' id='word_1_170' title='bbox 1164 1442 1386 1502; x_wconf 87' lang='lat' dir='ltr'>refugisse</span> <span class='ocrx_word' id='word_1_171' title='bbox 1437 1459 1520 1488; x_wconf 91' lang='lat' dir='ltr'>nec</span> 
     </span>
     <span class='ocr_line' id='line_1_27' title="bbox 80 1502 1520 1563; baseline 0.002 -16"><span class='ocrx_word' id='word_1_172' title='bbox 80 1502 170 1548; x_wconf 88' lang='lat' dir='ltr'>nisi</span> <span class='ocrx_word' id='word_1_173' title='bbox 201 1506 307 1561; x_wconf 87' lang='lat' dir='ltr'>post</span> <span class='ocrx_word' id='word_1_174' title='bbox 345 1504 514 1548; x_wconf 89' lang='lat' dir='ltr'>multos</span> <span class='ocrx_word' id='word_1_175' title='bbox 557 1503 651 1548; x_wconf 87' lang='lat' dir='ltr'>dies</span> <span class='ocrx_word' id='word_1_176' title='bbox 698 1505 844 1549; x_wconf 82' lang='lat' dir='ltr'>visum</span> <span class='ocrx_word' id='word_1_177' title='bbox 887 1504 1153 1563; x_wconf 85' lang='lat' dir='ltr'>languidum</span> <span class='ocrx_word' id='word_1_178' title='bbox 1197 1508 1242 1549; x_wconf 89' lang='lat' dir='ltr'>et</span> <span class='ocrx_word' id='word_1_179' title='bbox 1284 1508 1520 1563; x_wconf 87' lang='lat' dir='ltr'>maestum,</span> 
     </span>
    </p>
   </div>
   <div class='ocr_carea' id='block_1_12' title="bbox 3 1565 1517 1624">
    <p class='ocr_par' dir='ltr' id='par_1_12' title="bbox 3 1565 1517 1624">
     <span class='ocr_line' id='line_1_28' title="bbox 3 1565 1517 1624; baseline 0.003 -15"><span class='ocrx_word' id='word_1_180' title='bbox 3 1601 6 1603; x_wconf 16' lang='grc' dir='ltr'><strong>Α</strong></span> <span class='ocrx_word' id='word_1_181' title='bbox 80 1580 189 1610; x_wconf 83' lang='grc' dir='ltr'><strong>111οΧ</strong></span> <span class='ocrx_word' id='word_1_182' title='bbox 220 1565 407 1611; x_wconf 84' lang='lat' dir='ltr'>redditis</span> <span class='ocrx_word' id='word_1_183' title='bbox 439 1566 611 1611; x_wconf 84' lang='lat' dir='ltr'>viribus</span> <span class='ocrx_word' id='word_1_184' title='bbox 644 1568 841 1624; x_wconf 89' lang='lat' dir='ltr'>priorem</span> <span class='ocrx_word' id='word_1_185' title='bbox 874 1567 1106 1611; x_wconf 79' lang='lat' dir='ltr'>lasciviam</span> <span class='ocrx_word' id='word_1_186' title='bbox 1140 1571 1185 1612; x_wconf 90' lang='lat' dir='ltr'>et</span> <span class='ocrx_word' id='word_1_187' title='bbox 1218 1568 1352 1612; x_wconf 89' lang='lat' dir='ltr'>solita</span> <span class='ocrx_word' id='word_1_188' title='bbox 1387 1570 1517 1613; x_wconf 86' lang='lat' dir='ltr'>mini-</span> 
     </span>
    </p>
   </div>
   <div class='ocr_carea' id='block_1_13' title="bbox 81 1628 1517 1689">
    <p class='ocr_par' dir='ltr' id='par_1_13' title="bbox 81 1628 1517 1689">
     <span class='ocr_line' id='line_1_29' title="bbox 81 1628 1517 1689; baseline 0.003 -17"><span class='ocrx_word' id='word_1_189' title='bbox 81 1628 218 1673; x_wconf 87' lang='lat' dir='ltr'>steria</span> <span class='ocrx_word' id='word_1_190' title='bbox 257 1629 485 1687; x_wconf 88' lang='lat' dir='ltr'>repetisse</span> <span class='ocrx_word' id='word_1_191' title='bbox 563 1628 862 1674; x_wconf 85' lang='lat' dir='ltr'>Confluebant</span> <span class='ocrx_word' id='word_1_192' title='bbox 911 1645 1065 1675; x_wconf 90' lang='lat' dir='ltr'>omnes</span> <span class='ocrx_word' id='word_1_193' title='bbox 1109 1629 1165 1674; x_wconf 88' lang='lat' dir='ltr'>ad</span> <span class='ocrx_word' id='word_1_194' title='bbox 1211 1633 1517 1689; x_wconf 88' lang='lat' dir='ltr'>spectaculum</span> 
     </span>
    </p>
   </div>
   <div class='ocr_carea' id='block_1_14' title="bbox 1521 1642 1533 1787">
    <p class='ocr_par' dir='ltr' id='par_1_14' title="bbox 1521 1642 1533 1787">
     <span class='ocr_line' id='line_1_30' title="bbox 1521 1642 1533 1787; baseline 0 955"><span class='ocrx_word' id='word_1_195' title='bbox 1521 1642 1533 1787; x_wconf 95' lang='lat' dir='ltr'> </span> 
     </span>
    </p>
   </div>
   <div class='ocr_carea' id='block_1_15' title="bbox 80 1644 1593 2125">
    <p class='ocr_par' dir='ltr' id='par_1_15' title="bbox 80 1644 1593 2125">
     <span class='ocr_line' id='line_1_31' title="bbox 1569 1645 1593 1678; baseline 0 0"><span class='ocrx_word' id='word_1_196' title='bbox 1569 1645 1593 1678; x_wconf 90' lang='grc' dir='ltr'>Ο</span> 
     </span>
     <span class='ocr_line' id='line_1_32' title="bbox 81 1644 1565 1813; baseline 0.003 -15"><span class='ocrx_word' id='word_1_197' title='bbox 81 1753 201 1798; x_wconf 89' lang='lat' dir='ltr'>blica</span> <span class='ocrx_word' id='word_1_198' title='bbox 243 1755 374 1799; x_wconf 88' lang='lat' dir='ltr'>novis</span> <span class='ocrx_word' id='word_1_199' title='bbox 420 1756 676 1813; x_wconf 87' lang='lat' dir='ltr'>sumptibus</span> <span class='ocrx_word' id='word_1_200' title='bbox 729 1755 1017 1799; x_wconf 86' lang='lat' dir='ltr'>atterebatur.</span> <span class='ocrx_word' id='word_1_201' title='bbox 1102 1754 1337 1801; x_wconf 89' lang='lat' dir='ltr'>Postremo</span> <span class='ocrx_word' id='word_1_202' title='bbox 1388 1644 1565 1802; x_wconf 53' lang='grc' dir='ltr'>100110,ἶ</span> 
     </span>
     <span class='ocr_line' id='line_1_33' title="bbox 80 1817 1516 1877; baseline 0.003 -18"><span class='ocrx_word' id='word_1_203' title='bbox 80 1817 178 1874; x_wconf 87' lang='lat' dir='ltr'>ipse</span> <span class='ocrx_word' id='word_1_204' title='bbox 210 1817 408 1874; x_wconf 86' lang='lat' dir='ltr'>quietem</span> <span class='ocrx_word' id='word_1_205' title='bbox 442 1833 568 1862; x_wconf 85' lang='lat' dir='ltr'>suam</span> <span class='ocrx_word' id='word_1_206' title='bbox 609 1820 920 1875; x_wconf 86' lang='lat' dir='ltr'>secretumque</span> <span class='ocrx_word' id='word_1_207' title='bbox 959 1818 1192 1876; x_wconf 87' lang='lat' dir='ltr'>perdebat:</span> <span class='ocrx_word' id='word_1_208' title='bbox 1232 1820 1405 1877; x_wconf 87' lang='lat' dir='ltr'>placuit</span> <span class='ocrx_word' id='word_1_209' title='bbox 1445 1835 1516 1864; x_wconf 93' lang='grc'>00-</span> 
     </span>
     <span class='ocr_line' id='line_1_34' title="bbox 81 1879 1589 1939; baseline 0.003 -16"><span class='ocrx_word' id='word_1_210' title='bbox 81 1879 201 1923; x_wconf 88' lang='lat' dir='ltr'>culte</span> <span class='ocrx_word' id='word_1_211' title='bbox 232 1879 446 1937; x_wconf 86' lang='lat' dir='ltr'>interfici,</span> <span class='ocrx_word' id='word_1_212' title='bbox 477 1881 534 1923; x_wconf 84' lang='lat' dir='ltr'>ad</span> <span class='ocrx_word' id='word_1_213' title='bbox 569 1880 689 1937; x_wconf 91' lang='lat' dir='ltr'>quod</span> <span class='ocrx_word' id='word_1_214' title='bbox 723 1880 939 1924; x_wconf 86' lang='lat' dir='ltr'>coibatur.</span> <span class='ocrx_word' id='word_1_215' title='bbox 1005 1880 1130 1925; x_wconf 91' lang='lat' dir='ltr'>Haec</span> <span class='ocrx_word' id='word_1_216' title='bbox 1165 1884 1217 1925; x_wconf 87' lang='lat' dir='ltr'>tu</span> <span class='ocrx_word' id='word_1_217' title='bbox 1258 1897 1347 1939; x_wconf 87' lang='lat' dir='ltr'>qua</span> <span class='ocrx_word' id='word_1_218' title='bbox 1386 1883 1515 1926; x_wconf 89' lang='lat' dir='ltr'>mise·</span> <span class='ocrx_word' id='word_1_219' title='bbox 1546 1895 1589 1928; x_wconf 91' lang='lat'>11</span> 
     </span>
     <span class='ocr_line' id='line_1_35' title="bbox 80 1941 1517 2001; baseline 0.003 -17"><span class='ocrx_word' id='word_1_220' title='bbox 80 1941 275 1999; x_wconf 85' lang='lat' dir='ltr'>ratione,</span> <span class='ocrx_word' id='word_1_221' title='bbox 308 1957 397 1999; x_wconf 89' lang='lat' dir='ltr'>qua</span> <span class='ocrx_word' id='word_1_222' title='bbox 429 1943 560 2000; x_wconf 87' lang='lat' dir='ltr'>copia</span> <span class='ocrx_word' id='word_1_223' title='bbox 593 1942 798 1999; x_wconf 83' lang='lat' dir='ltr'>deflebis,</span> <span class='ocrx_word' id='word_1_224' title='bbox 841 1943 1043 2001; x_wconf 87' lang='lat' dir='ltr'>ornabis,</span> <span class='ocrx_word' id='word_1_225' title='bbox 1081 1944 1281 1988; x_wconf 82' lang='lat' dir='ltr'>attolles!</span> <span class='ocrx_word' id='word_1_226' title='bbox 1354 1943 1517 1997; x_wconf 87' lang='lat' dir='ltr'>Quam-</span> 
     </span>
     <span class='ocr_line' id='line_1_36' title="bbox 81 2005 1516 2065; baseline 0.003 -18"><span class='ocrx_word' id='word_1_227' title='bbox 81 2019 217 2062; x_wconf 90' lang='lat' dir='ltr'>quam</span> <span class='ocrx_word' id='word_1_228' title='bbox 269 2020 362 2048; x_wconf 90' lang='lat' dir='ltr'>non</span> <span class='ocrx_word' id='word_1_229' title='bbox 415 2007 482 2048; x_wconf 89' lang='lat' dir='ltr'>est</span> <span class='ocrx_word' id='word_1_230' title='bbox 534 2020 646 2062; x_wconf 83' lang='lat' dir='ltr'>opus</span> <span class='ocrx_word' id='word_1_231' title='bbox 697 2005 899 2064; x_wconf 82' lang='lat' dir='ltr'>adfingas</span> <span class='ocrx_word' id='word_1_232' title='bbox 952 2006 1122 2064; x_wconf 87' lang='lat' dir='ltr'>aliquid</span> <span class='ocrx_word' id='word_1_233' title='bbox 1170 2010 1248 2051; x_wconf 86' lang='lat' dir='ltr'>aut</span> <span class='ocrx_word' id='word_1_234' title='bbox 1292 2007 1516 2065; x_wconf 84' lang='lat' dir='ltr'>adstruas3</span> 
     </span>
     <span class='ocr_line' id='line_1_37' title="bbox 81 2066 1399 2125; baseline 0.002 -14"><span class='ocrx_word' id='word_1_235' title='bbox 81 2066 271 2124; x_wconf 82' lang='lat' dir='ltr'>sufficit,</span> <span class='ocrx_word' id='word_1_236' title='bbox 302 2083 359 2111; x_wconf 91' lang='lat' dir='ltr'>ne</span> <span class='ocrx_word' id='word_1_237' title='bbox 392 2083 463 2124; x_wconf 87' lang='lat' dir='ltr'>ea,</span> <span class='ocrx_word' id='word_1_238' title='bbox 497 2082 610 2125; x_wconf 89' lang='lat' dir='ltr'>quae</span> <span class='ocrx_word' id='word_1_239' title='bbox 644 2071 750 2111; x_wconf 87' lang='lat' dir='ltr'>sunt</span> <span class='ocrx_word' id='word_1_240' title='bbox 781 2083 906 2125; x_wconf 85' lang='lat' dir='ltr'>vera,</span> <span class='ocrx_word' id='word_1_241' title='bbox 938 2069 1209 2113; x_wconf 86' lang='lat' dir='ltr'>minuantur.</span> <span class='ocrx_word' id='word_1_242' title='bbox 1276 2069 1399 2113; x_wconf 87' lang='lat' dir='ltr'>Vale.</span> 
     </span>
    </p>
   </div>
   <div class='ocr_carea' id='block_1_16' title="bbox 81 2132 227 2135">
    <p class='ocr_par' dir='ltr' id='par_1_16' title="bbox 81 2132 227 2135">
     <span class='ocr_line' id='line_1_38' title="bbox 81 2132 227 2135; baseline 0 0"><span class='ocrx_word' id='word_1_243' title='bbox 81 2132 227 2135; x_wconf 95' lang='lat' dir='ltr'> </span> 
     </span>
    </p>
   </div>
   <div class='ocr_carea' id='block_1_17' title="bbox 74 2164 1516 2563">
    <p class='ocr_par' dir='ltr' id='par_1_17' title="bbox 74 2164 1516 2554">
     <span class='ocr_line' id='line_1_39' title="bbox 187 2164 1515 2215; baseline 0.002 -14"><span class='ocrx_word' id='word_1_244' title='bbox 187 2169 202 2201; x_wconf 85' lang='lat'><em>1</em></span> <span class='ocrx_word' id='word_1_245' title='bbox 231 2164 372 2202; x_wconf 85' lang='lat' dir='ltr'>invitet</span> <span class='ocrx_word' id='word_1_246' title='bbox 399 2167 439 2202; x_wconf 85' lang='lat' dir='ltr'>et</span> <span class='ocrx_word' id='word_1_247' title='bbox 464 2176 591 2202; x_wconf 86' lang='lat' dir='ltr'>revoc.</span> <span class='ocrx_word' id='word_1_248' title='bbox 620 2166 660 2202; x_wconf 90' lang='lat' dir='ltr'><em>D</em></span> <span class='ocrx_word' id='word_1_249' title='bbox 666 2174 780 2213; x_wconf 74' lang='lat' dir='ltr'>prs,</span> <span class='ocrx_word' id='word_1_250' title='bbox 809 2167 911 2211; x_wconf 89' lang='lat' dir='ltr'>K.I,</span> <span class='ocrx_word' id='word_1_251' title='bbox 942 2166 1038 2204; x_wconf 78' lang='lat' dir='ltr'>Otto.</span> <span class='ocrx_word' id='word_1_252' title='bbox 1188 2171 1208 2203; x_wconf 77' lang='lat'>2</span> <span class='ocrx_word' id='word_1_253' title='bbox 1236 2167 1453 2215; x_wconf 87' lang='lat' dir='ltr'>implicitat</span> <span class='ocrx_word' id='word_1_254' title='bbox 1478 2180 1515 2213; x_wconf 83' lang='lat' dir='ltr'>a,</span> 
     </span>
     <span class='ocr_line' id='line_1_40' title="bbox 82 2215 1516 2266; baseline 0.002 -14"><span class='ocrx_word' id='word_1_255' title='bbox 82 2215 135 2252; x_wconf 92' lang='lat' dir='ltr'>K.</span> <span class='ocrx_word' id='word_1_256' title='bbox 150 2216 185 2261; x_wconf 87' lang='lat' dir='ltr'>I,</span> <span class='ocrx_word' id='word_1_257' title='bbox 214 2217 335 2253; x_wconf 75' lang='lat' dir='ltr'>Merr.</span> <span class='ocrx_word' id='word_1_258' title='bbox 472 2220 493 2252; x_wconf 83' lang='lat'>5</span> <span class='ocrx_word' id='word_1_259' title='bbox 520 2215 776 2263; x_wconf 85' lang='lat' dir='ltr'>praebentem</span> <span class='ocrx_word' id='word_1_260' title='bbox 797 2216 900 2266; x_wconf 80' lang='lat' dir='ltr'>(se)</span> <span class='ocrx_word' id='word_1_261' title='bbox 923 2218 1114 2262; x_wconf 82' lang='lat' dir='ltr'>Momms.‚</span> <span class='ocrx_word' id='word_1_262' title='bbox 1140 2218 1208 2255; x_wconf 81' lang='lat' dir='ltr'>sed</span> <span class='ocrx_word' id='word_1_263' title='bbox 1233 2230 1267 2254; x_wconf 79' lang='lat' dir='ltr'>v.</span> <span class='ocrx_word' id='word_1_264' title='bbox 1289 2218 1516 2255; x_wconf 67' lang='lat' dir='ltr'>Leithciuser</span> 
     </span>
     <span class='ocr_line' id='line_1_41' title="bbox 74 2265 1515 2315; baseline 0.002 -13"><span class='ocrx_word' id='word_1_265' title='bbox 74 2277 117 2312; x_wconf 79' lang='lat' dir='ltr'>p.</span> <span class='ocrx_word' id='word_1_266' title='bbox 137 2268 200 2304; x_wconf 78' lang='lat'>20.</span> <span class='ocrx_word' id='word_1_267' title='bbox 305 2269 325 2302; x_wconf 80' lang='lat'><strong>7</strong></span> <span class='ocrx_word' id='word_1_268' title='bbox 355 2265 523 2302; x_wconf 83' lang='lat' dir='ltr'>adnatat</span> <span class='ocrx_word' id='word_1_269' title='bbox 542 2266 655 2302; x_wconf 82' lang='lat' dir='ltr'>nanti</span> <span class='ocrx_word' id='word_1_270' title='bbox 675 2278 712 2311; x_wconf 89' lang='lat' dir='ltr'>a,</span> <span class='ocrx_word' id='word_1_271' title='bbox 734 2267 870 2313; x_wconf 63' lang='lat' dir='ltr'>Merr„</span> <span class='ocrx_word' id='word_1_272' title='bbox 898 2266 1109 2304; x_wconf 83' lang='lat' dir='ltr'>adnatanti</span> <span class='ocrx_word' id='word_1_273' title='bbox 1130 2267 1257 2315; x_wconf 86' lang='lat' dir='ltr'>(-andi</span> <span class='ocrx_word' id='word_1_274' title='bbox 1276 2268 1334 2315; x_wconf 90' lang='lat' dir='ltr'>D)</span> <span class='ocrx_word' id='word_1_275' title='bbox 1355 2268 1397 2304; x_wconf 89' lang='lat' dir='ltr'><em>D</em></span> <span class='ocrx_word' id='word_1_276' title='bbox 1401 2277 1515 2315; x_wconf 72' lang='lat' dir='ltr'>prs,</span> 
     </span>
     <span class='ocr_line' id='line_1_42' title="bbox 80 2315 1515 2363; baseline 0.001 -11"><span class='ocrx_word' id='word_1_277' title='bbox 80 2315 250 2353; x_wconf 83' lang='lat' dir='ltr'>adnatat</span> <span class='ocrx_word' id='word_1_278' title='bbox 269 2316 322 2353; x_wconf 91' lang='lat' dir='ltr'>K.</span> <span class='ocrx_word' id='word_1_279' title='bbox 337 2317 391 2353; x_wconf 92' lang='grc' dir='ltr'>ΙΙ</span> <span class='ocrx_word' id='word_1_280' title='bbox 406 2316 522 2363; x_wconf 75' lang='lat' dir='ltr'>(disp.</span> <span class='ocrx_word' id='word_1_281' title='bbox 537 2317 592 2353; x_wconf 90' lang='lat' dir='ltr'>II</span> <span class='ocrx_word' id='word_1_282' title='bbox 604 2319 686 2363; x_wconf 71' lang='lat'>23),</span> <span class='ocrx_word' id='word_1_283' title='bbox 714 2317 866 2362; x_wconf 69' lang='lat' dir='ltr'>Muell„</span> <span class='ocrx_word' id='word_1_284' title='bbox 893 2317 1124 2354; x_wconf 83' lang='lat' dir='ltr'>adnatantis</span> <span class='ocrx_word' id='word_1_285' title='bbox 1144 2317 1319 2356; x_wconf 81' lang='lat' dir='ltr'>Siehard.</span> <span class='ocrx_word' id='word_1_286' title='bbox 1424 2321 1447 2354; x_wconf 89' lang='lat'>8</span> <span class='ocrx_word' id='word_1_287' title='bbox 1474 2330 1515 2354; x_wconf 88' lang='lat' dir='ltr'>se</span> 
     </span>
     <span class='ocr_line' id='line_1_43' title="bbox 82 2366 1514 2413; baseline 0.003 -11"><span class='ocrx_word' id='word_1_288' title='bbox 82 2366 208 2403; x_wconf 83' lang='lat' dir='ltr'>amari</span> <span class='ocrx_word' id='word_1_289' title='bbox 234 2379 271 2412; x_wconf 88' lang='lat' dir='ltr'>a,</span> <span class='ocrx_word' id='word_1_290' title='bbox 301 2366 354 2403; x_wconf 91' lang='lat' dir='ltr'>K.</span> <span class='ocrx_word' id='word_1_291' title='bbox 367 2367 403 2411; x_wconf 89' lang='lat' dir='ltr'>I,</span> <span class='ocrx_word' id='word_1_292' title='bbox 433 2367 569 2412; x_wconf 68' lang='lat' dir='ltr'>Merr„</span> <span class='ocrx_word' id='word_1_293' title='bbox 596 2378 638 2402; x_wconf 86' lang='lat' dir='ltr'>se</span> <span class='ocrx_word' id='word_1_294' title='bbox 664 2368 705 2403; x_wconf 86' lang='lat' dir='ltr'>et</span> <span class='ocrx_word' id='word_1_295' title='bbox 732 2379 806 2404; x_wconf 86' lang='lat' dir='ltr'>am.</span> <span class='ocrx_word' id='word_1_296' title='bbox 833 2367 915 2404; x_wconf 83' lang='lat' dir='ltr'>rell.</span> <span class='ocrx_word' id='word_1_297' title='bbox 1034 2372 1081 2404; x_wconf 84' lang='lat'>14</span> <span class='ocrx_word' id='word_1_298' title='bbox 1106 2366 1323 2404; x_wconf 87' lang='lat' dir='ltr'>reducebat</span> <span class='ocrx_word' id='word_1_299' title='bbox 1350 2380 1387 2413; x_wconf 85' lang='lat' dir='ltr'>a,</span> <span class='ocrx_word' id='word_1_300' title='bbox 1417 2368 1514 2413; x_wconf 66' lang='grc' dir='ltr'><strong><em>Οἰιο,</em></strong></span> 
     </span>
     <span class='ocr_line' id='line_1_44' title="bbox 82 2395 1514 2467; baseline 0.001 -15"><span class='ocrx_word' id='word_1_301' title='bbox 82 2416 218 2462; x_wconf 65' lang='lat' dir='ltr'>Mer-r„</span> <span class='ocrx_word' id='word_1_302' title='bbox 243 2395 489 2463; x_wconf 82' lang='lat' dir='ltr'>reducebatq</span> <span class='ocrx_word' id='word_1_303' title='bbox 490 2427 539 2452; x_wconf 90' lang='lat' dir='ltr'>ue</span> <span class='ocrx_word' id='word_1_304' title='bbox 564 2417 665 2464; x_wconf 76' lang='lat' dir='ltr'>vulq.</span> <span class='ocrx_word' id='word_1_305' title='bbox 770 2417 844 2453; x_wconf 84' lang='lat'>20*</span> <span class='ocrx_word' id='word_1_306' title='bbox 872 2417 1111 2464; x_wconf 88' lang='lat' dir='ltr'>odoremque</span> <span class='ocrx_word' id='word_1_307' title='bbox 1134 2417 1484 2467; x_wconf 81' lang='lat' dir='ltr'>(aspernatum)</span> <span class='ocrx_word' id='word_1_308' title='bbox 1472 2431 1514 2454; x_wconf 87' lang='lat' dir='ltr'>m</span> 
     </span>
     <span class='ocr_line' id='line_1_45' title="bbox 82 2429 1511 2517; baseline 0.001 -14"><span class='ocrx_word' id='word_1_309' title='bbox 82 2465 207 2503; x_wconf 79' lang='lat' dir='ltr'>altum</span> <span class='ocrx_word' id='word_1_310' title='bbox 236 2466 308 2503; x_wconf 87' lang='lat' dir='ltr'>ref</span> <span class='ocrx_word' id='word_1_311' title='bbox 335 2466 356 2503; x_wconf 88' lang='lat'><em>9</em></span> <span class='ocrx_word' id='word_1_312' title='bbox 384 2467 452 2512; x_wconf 69' lang='lat' dir='ltr'>K„</span> <span class='ocrx_word' id='word_1_313' title='bbox 462 2429 716 2513; x_wconf 86' lang='lat' dir='ltr'>qodoremque</span> <span class='ocrx_word' id='word_1_314' title='bbox 743 2467 1059 2517; x_wconf 84' lang='lat' dir='ltr'>inad&lt;sue&gt;tum</span> <span class='ocrx_word' id='word_1_315' title='bbox 1084 2467 1154 2504; x_wconf 88' lang='lat' dir='ltr'>ref</span> <span class='ocrx_word' id='word_1_316' title='bbox 1180 2467 1201 2504; x_wconf 92' lang='grc'>,9</span> <span class='ocrx_word' id='word_1_317' title='bbox 1303 2471 1350 2505; x_wconf 82' lang='lat'>23</span> <span class='ocrx_word' id='word_1_318' title='bbox 1379 2468 1428 2504; x_wconf 87' lang='lat' dir='ltr'>ad</span> <span class='ocrx_word' id='word_1_319' title='bbox 1455 2480 1511 2516; x_wconf 87' lang='lat' dir='ltr'>sp</span> 
     </span>
     <span class='ocr_line' id='line_1_46' title="bbox 82 2518 399 2563; baseline 0.007 -11"><span class='ocrx_word' id='word_1_320' title='bbox 82 2527 185 2553; x_wconf 86' lang='lat' dir='ltr'>omn.</span> <span class='ocrx_word' id='word_1_321' title='bbox 212 2530 249 2563; x_wconf 88' lang='lat' dir='ltr'>a,</span> <span class='ocrx_word' id='word_1_322' title='bbox 278 2518 399 2554; x_wconf 84' lang='lat' dir='ltr'>Merr.</span> 
     </span>
    </p>
   </div>
   <div class='ocr_carea' id='block_1_18' title="bbox 157 2592 1287 2629">
    <p class='ocr_par' dir='ltr' id='par_1_18' title="bbox 157 2592 1287 2629">
     <span class='ocr_line' id='line_1_47' title="bbox 157 2592 1287 2629; baseline 0.003 -11"><span class='ocrx_word' id='word_1_323' title='bbox 157 2593 303 2619; x_wconf 74' lang='lat' dir='ltr'>Pmmus</span> <span class='ocrx_word' id='word_1_324' title='bbox 323 2592 445 2620; x_wconf 70' lang='lat' dir='ltr'>umor.</span> <span class='ocrx_word' id='word_1_325' title='bbox 468 2598 526 2620; x_wconf 74' lang='lat' dir='ltr'>sn.</span> <span class='ocrx_word' id='word_1_326' title='bbox 543 2594 714 2621; x_wconf 67' lang='lat' dir='ltr'>Kanum.</span> <span class='ocrx_word' id='word_1_327' title='bbox 1243 2597 1287 2629; x_wconf 80' lang='lat'>17</span> 
     </span>
    </p>
   </div>
  </div>
 </body>
</html>
