1630 2678
559 136 915 174 EPISTULARUM
941 137 977 173 Π
1004 141 1062 175 11.
1451 139 1512 183 43

107 249 457 307 relinquendum.
520 249 662 293 Erant
692 249 739 293 in
777 253 963 307 utraque
996 250 1213 294 sententia
1244 249 1392 305 multi,
1424 250 1511 294 for·
1538 266 1582 299 21

107 313 226 355 tasse
265 310 399 355 etiam
437 311 586 368 plures
626 310 674 354 in
714 311 798 355 hac
838 312 910 354 vel
942 311 1154 355 solutiore
1186 311 1259 354 vel
1296 312 1510 356 molliore.

106 370 225 416 Nam
281 371 462 429 quidam
519 387 575 416 ex
623 372 712 416 illis
766 387 961 430 quoque,
1018 373 1095 430 qui
1146 371 1342 417 Cornuto
1393 374 1511 418 vide·

106 432 271 478 bantur
301 433 494 490 adsensi,
526 433 663 490 hunc,
697 433 773 490 qui
805 437 908 491 post
933 434 1053 491 ipsos
1080 436 1328 491 censuerat,
1359 449 1511 491 seque-

65 515 84 544 ι
106 493 280 539 bantur.
344 493 449 551 Sed,
500 509 602 538 cum
652 494 778 538 fieret
828 495 1059 551 discessio,
1110 496 1187 552 qui
1237 496 1357 539 sellis
1409 511 1511 540 con·
1537 512 1584 545 22

106 555 255 600 sulum
296 555 578 613 adstiterunt,
622 556 670 599 in
715 554 899 600 Cornuti
943 558 1207 600 sententiam
1251 557 1314 601 ire
1359 573 1511 616 coepe-

105 619 222 662 runt.
285 616 400 661 Tum
443 617 527 672 illi,
578 617 655 674 qui
699 632 745 661 se
791 616 996 676 Collegae
1046 618 1325 662 adnumerari
1374 620 1511 676 patie-

105 678 288 735 bantur,
323 678 371 722 in
409 677 630 723 diversum
667 678 955 735 transienmt,
995 678 1176 738 Collega
1216 694 1316 723 cum
1357 681 1510 738 paucis

106 739 299 785 relictus.
361 738 554 784 Multum
598 742 754 797 postea
786 740 839 784 de
871 740 1189 798 impulsoribus
1232 741 1344 798 suis,
1388 757 1510 799 prae-

45 822 84 851 1⁰
107 801 236 859 cipue
279 799 333 845 de
376 799 550 860 Regulo
596 804 777 858 questus
829 804 912 857 est,
964 802 1042 858 qui
1093 817 1138 846 se
1188 802 1235 845 in
1280 804 1510 858 sententia,

111 877 247 920 quam
277 862 374 920 ipse
405 861 660 918 dictaverat,
690 862 964 907 deseruisset.
1027 863 1110 906 Est
1142 864 1310 920 alioqui
1335 863 1508 922 Regulo

103 926 198 968 tam
228 922 391 968 mobile
422 922 667 982 ingenium,
699 926 751 967 ut
781 924 1023 982 plurimum
1058 925 1235 981 audeat,
1266 926 1508 982 plurimum

102 984 269 1035 timeat.

201 1044 291 1090 Hic
320 1045 422 1090 finis
455 1046 723 1105 cognitionis
756 1047 1066 1104 amplissimae.
1119 1046 1330 1104 Superest
1360 1051 1509 1092 tamen
1535 1061 1582 1094 23

45 1127 80 1156 ιε
105 1106 370 1164 λιτούργιον
400 1122 492 1151 non
522 1108 632 1164 leve,
663 1107 883 1151 Hostilius
916 1107 1152 1165 Firminus,
1190 1110 1363 1168 legatus
1395 1110 1509 1153 Mari

104 1166 264 1224 Prisci,
305 1168 383 1226 qui
426 1169 671 1226 permixtus
710 1184 867 1213 causae
906 1170 1101 1226 graviter
1138 1170 1508 1228 vehementerque

101 1232 286 1274 vexatus
318 1232 397 1274 est.
459 1229 576 1274 Nam
618 1233 663 1274 et
693 1230 940 1274 rationibus
972 1230 1187 1276 Marciani
1219 1235 1263 1276 et
1295 1248 1509 1289 sermone,

103 1305 235 1349 quem
273 1290 350 1335 ille
391 1290 607 1335 habuerat
643 1291 691 1335 in
732 1292 885 1336 ordine
927 1292 1282 1350 Leptitanorum,
1329 1309 1505 1350 operam

103 1367 228 1397 suam
259 1350 412 1396 Prisco
444 1353 499 1395 ad
531 1352 836 1410 turpissimum
877 1354 1170 1397 ministerium
1204 1355 1506 1399 commodasse

42 1433 79 1462 ιο
103 1413 429 1471 stipulatusque
470 1413 523 1458 de
563 1413 788 1458 Marciano
841 1415 1165 1474 quinquaginta
1210 1417 1334 1460 milia
1377 1416 1507 1460 dena-

102 1474 271 1519 riorum
310 1474 600 1532 probabatur,
640 1476 736 1533 ipse
777 1479 1003 1533 praeterea
1047 1476 1267 1533 accepisse
1306 1478 1507 1521 sestertia

103 1535 254 1580 decem
286 1536 410 1580 milia
428 1536 684 1580 foedissimo
706 1538 883 1594 quidem
910 1538 1056 1594 titulo,
1087 1538 1266 1582 nomine
1294 1538 1506 1596 ‘unguen-

102 1597 233 1652 tarii',
265 1597 343 1654 qui
374 1597 531 1641 titulus
565 1614 591 1641 a
621 1598 714 1641 vita
739 1598 933 1641 hominis
966 1599 1133 1656 compti
1166 1614 1339 1656 semper
1358 1603 1401 1644 et
1426 1616 1506 1658 pu-

100 1658 252 1703 micati
289 1673 380 1702 non
417 1658 694 1702 abhorrebat.
757 1658 932 1702 Placuit
969 1663 1173 1704 censente
1213 1660 1408 1705 Cornuto
1440 1677 1503 1705 re·
1531 1675 1578 1708 24

41 1738 77 1766 u
101 1719 206 1764 ferri
237 1719 291 1764 de
323 1735 375 1764 eo
408 1721 611 1777 proximo
638 1723 811 1776 senatu3
843 1723 949 1765 tunc
981 1722 1117 1777 enim,
1150 1737 1254 1766 casu
1286 1723 1500 1767 incertum

101 1795 159 1824 an
190 1781 477 1836 conscientia,
510 1782 691 1825 afuerat.

200 1840 349 1885 Habes
381 1857 449 1885 res
489 1841 696 1886 urbanas:
728 1842 914 1886 invicem
948 1844 1135 1888 rusticas
1169 1844 1321 1888 scribe.
1386 1844 1501 1897 Quid
1530 1859 1575 1892 25

101 1901 361 1946 arbusculae
386 1906 507 1958 tuae,
539 1903 645 1959 quid
674 1903 842 1960 vineae,
876 1905 981 1961 quid
1008 1908 1178 1963 segetes
1205 1909 1362 1964 agunt,
1397 1907 1502 1962 quid

102 1977 206 2007 oves
247 1962 615 2007 delicatissimae?
685 1963 738 2008 In
771 1981 962 2022 summa,
1008 1967 1094 2010 nisi
1139 1983 1277 2023 aeque
1322 1968 1502 2025 longam

41 2043 79 2071 no
102 2024 338 2082 epistulam
376 2025 542 2081 reddis,
578 2040 669 2069 non
707 2029 791 2080 est,
830 2027 948 2084 quod
988 2031 1143 2084 postea
1181 2029 1264 2071 nisi
1301 2029 1502 2072 brevissi-

101 2100 219 2129 mam
252 2088 467 2143 expectes.
529 2085 652 2130 Vale.

200 2269 246 2303 15
267 2269 598 2305 AIHOYPFION
614 2268 652 2305 R
668 2268 711 2304 in
723 2269 858 2314 indice,
878 2272 1199 2307 ΛΙΤΟΤΡΓΙΟΝ
1216 2271 1266 2315 F,
1286 2273 1501 2308 ΛΙΠΟΤΡ-

104 2317 236 2352 ΤΙΟΝ
270 2316 318 2352 M
333 2316 374 2361 V,
410 2317 644 2363 λειτούργιον
680 2318 812 2363 Das,
846 2320 958 2366 vulq„
993 2320 1036 2355 in
1071 2321 1210 2355 lacuna
1244 2331 1314 2356 om.
1345 2332 1416 2366 pr,
1451 2324 1499 2365 cf.

102 2364 219 2401 Mer-r.
249 2364 367 2402 Closs.
399 2366 489 2403 Rev.
528 2366 659 2402 XVII
690 2369 739 2403 63
774 2372 810 2404 et
839 2369 947 2411 infra
984 2372 1046 2413 12,
1076 2372 1118 2411 1;
1162 2369 1378 2415 λιτούργιον
1412 2370 1437 2405 i.
1466 2382 1499 2416 q.

102 2413 401 2460 πανούργουμαῖ
452 2419 496 2450 21
514 2415 730 2451 sestertium
747 2424 780 2460 ς,
796 2417 1032 2461 Mommsen„
1045 2420 1092 2462 cf.
1105 2417 1220 2454 Merr.
1234 2418 1256 2453 l.
1269 2419 1293 2453 I.
1346 2422 1391 2454 2⁵
1406 2429 1499 2455 casu

100 2460 289 2499 incertum
310 2473 359 2499 an
380 2464 451 2511 Fp
461 2476 492 2507 r,
523 2465 618 2508 Otto,
648 2465 795 2509 Muell„
821 2466 1007 2501 incertum
1038 2477 1106 2502 om.
1127 2466 1220 2510 rell„
1243 2467 1307 2511 K„
1331 2468 1448 2504 Mer-r.
