1716 2742
204 134 292 179 268
648 128 689 167 G.
714 128 853 166 PLINI
877 129 943 165 ET
970 127 1186 166 TRAIANI

203 246 376 304 pridem
404 244 615 289 defuncta
640 246 718 289 est.
771 242 885 288 Item
912 258 1024 302 rogo
1053 244 1129 288 des
1150 244 1220 288 ius
1242 243 1486 297 Quiritium
1505 243 1637 288 liber-

203 308 261 353 tis
282 307 507 352 Antoniae
527 306 817 363 Maximillae,
837 305 1150 351 ornatissimae
1168 306 1375 364 feminae,
1394 304 1565 351 Hediae
1592 309 1638 350 et

203 371 235 427 ἦ·
262 369 486 414 Antoniae
514 368 790 426 Harmeridi3
825 369 945 425 quod
973 384 998 412 a
1024 370 1068 412 te
1095 371 1275 427 petente
1301 371 1494 427 patrona
1518 370 1635 426 peto.

727 522 730 527 ·
785 510 856 549 v1.
887 507 1057 562 [xxm

480 599 523 634 C.
544 598 751 633 PLINIUS
780 598 1004 633 TRAIANO
1033 598 1365 635 IMPERATORI.
1664 620 1681 646 5

297 681 398 740 Ago
434 681 620 740 gratias,
655 681 854 739 domine,
889 681 1011 739 quod
1043 683 1088 725 et
1126 681 1196 726 ius
1230 679 1475 734 Quiritium
1506 681 1639 725 liber-

204 746 261 789 tis
303 744 581 789 necessariae
624 743 738 788 mihi
779 743 973 788 feminae
1017 746 1061 787 et
1106 743 1336 788 civitatem
1384 742 1639 788 Romanam

203 807 494 865 Harpocrati,
526 806 782 865 iatraliptae
815 822 936 863 meo,
970 806 1066 851 sine
1099 821 1227 850 mora
1251 806 1493 852 indulsisti.
1538 804 1638 863 Sed,

202 885 304 914 cum
339 884 481 914 annos
515 869 609 914 eius
644 872 689 913 et
720 884 924 927 censum,
957 869 1075 914 sicut
1111 883 1421 927 praeceperas,
1449 866 1640 926 ederem,

202 933 459 977 admonitus
504 947 604 976 sum
656 949 682 976 a
726 931 1018 990 peritioribus
1068 931 1275 976 debuisse
1323 947 1395 976 me
1444 934 1548 976 ante
1597 931 1702 976 eim

202 995 553 1040 Alexandrinam
597 995 827 1039 civitatem
869 994 1128 1052 impetrare,
1173 993 1331 1039 deinde
1373 993 1639 1051 Romanam,

203 1058 415 1115 quoniam
468 1060 586 1102 esset
636 1056 903 1117 Aegyptius.
987 1057 1088 1116 Ego
1141 1059 1312 1115 autem,
1366 1056 1473 1115 quia
1522 1057 1641 1101 inter

202 1121 455 1180 Aegyptios
489 1122 751 1178 ceterosque
784 1121 1046 1179 peregrinos
1082 1119 1198 1164 nihil
1236 1120 1454 1165 interesse
1492 1119 1639 1164 crede-

201 1183 325 1241 bam,
359 1186 598 1227 contentus
635 1183 810 1227 fueram
849 1183 937 1227 hoc
977 1183 1124 1227 solum
1166 1179 1358 1227 scribere
1397 1182 1503 1240 tibi,
1542 1197 1639 1227 esse

203 1262 303 1290 eum
339 1262 365 1289 a
396 1245 635 1305 peregrina
673 1246 1001 1290 manumissum
1040 1247 1369 1303 patronamque
1408 1245 1504 1290 eius
1547 1244 1638 1289 iam
1666 1259 1701 1286 15

202 1309 376 1367 pridem
404 1308 657 1353 decessisse.
716 1308 784 1353 De
813 1323 902 1365 qua
928 1307 1185 1367 ignorantia
1211 1323 1311 1352 mea
1336 1323 1429 1352 non
1457 1322 1639 1366 queror3

200 1387 280 1429 per
324 1387 455 1429 quam
502 1371 646 1428 stetit,
689 1373 740 1415 ut
782 1371 866 1415 tibi
907 1386 991 1429 pro
1034 1371 1191 1415 eodem
1233 1370 1417 1415 homine
1460 1370 1638 1428 saepius

202 1435 438 1493 obligarer.
503 1433 635 1493 Rogo
670 1434 844 1492 itaque,
876 1437 927 1477 ut
959 1434 1178 1478 beneficio
1211 1436 1291 1478 tuo
1317 1433 1522 1493 legitime
1547 1433 1639 1477 frui

200 1498 387 1555 possim,
422 1496 593 1541 tribuas
632 1497 673 1540 ei
713 1499 757 1541 et
796 1495 1148 1540 Alexandrinam
1192 1496 1421 1541 civitatem
1463 1498 1509 1540 et
1549 1495 1638 1540 Ro-

201 1575 391 1604 manam.
457 1558 614 1604 Annos
649 1559 744 1604 eius
779 1563 823 1604 et
856 1574 1060 1617 censum,
1091 1575 1148 1603 ne
1177 1558 1285 1616 quid
1310 1573 1466 1603 rursus
1492 1558 1639 1603 indul·
1665 1572 1701 1599 20

201 1623 399 1680 gentiam
432 1625 557 1666 tuam
591 1625 860 1680 moraretur,
893 1622 1069 1666 libertis
1102 1622 1214 1679 tuis,
1240 1622 1404 1679 quibus
1431 1621 1639 1678 iusseras,

201 1700 315 1729 misi.

764 1776 859 1816 VII.
897 1774 1089 1829 [xxm]

693 1865 949 1900 TRAIANUS
975 1865 1166 1900 PLINIO.

295 1946 533 1991 Civitatem
577 1946 930 1993 Alexandrinam
996 1947 1243 1992 seeundum
1304 1948 1637 1993 institutionem
1665 1964 1700 1992 25

199 2009 455 2067 principum
488 2025 582 2054 non
613 2013 780 2054 temere
814 2010 918 2055 dare
951 2010 1180 2069 proposui.
1248 2009 1354 2069 Sed,
1389 2025 1491 2056 cum
1524 2010 1638 2055 Har-

200 2073 391 2129 pocrati,
425 2072 677 2129 iatraliptae
709 2076 809 2131 tuo,
843 2074 933 2118 iam
960 2073 1189 2118 civitatem
1221 2072 1472 2118 Romanam
1498 2074 1638 2132 impe-

198 2135 400 2191 traveris,
431 2134 538 2178 huic
573 2150 751 2193 quoque
784 2136 997 2193 petitioni
1030 2139 1134 2180 tuae
1166 2151 1331 2195 negare
1370 2152 1464 2182 non
1503 2137 1636 2181 susti-

198 2212 294 2241 neo.
361 2197 448 2253 Tu,
477 2212 530 2241 ex
558 2212 647 2255 quo
674 2213 811 2242 nomo
840 2200 918 2256 sit,
942 2201 1103 2243 notum
1129 2199 1242 2243 mihi
1268 2199 1414 2244 facere
1442 2199 1637 2256 debebis,

199 2261 250 2303 ut
283 2260 525 2317 epistulam
557 2260 642 2304 tibi
683 2261 738 2304 ad
778 2260 1046 2319 Pompeium
1085 2261 1314 2319 Plantam,
1354 2261 1631 2320 praefectum
1661 2276 1698 2303 ³0

199 2321 417 2381 Aegypti,
452 2323 646 2367 amicum
681 2339 848 2381 meum,
882 2325 1072 2368 mittam.

299 2461 319 2493 3
343 2457 572 2507 [Antoniae]
595 2458 730 2495 Harm.
752 2460 804 2496 K.
820 2461 880 2505 ΙΙ,
901 2459 1202 2507 Agathemeridi
1222 2461 1399 2498 Momms.
1481 2464 1527 2497 14
1549 2471 1634 2498 esse

200 2518 288 2543 eum
317 2508 354 2544 B
381 2509 424 2545 in
451 2520 584 2556 mam„
613 2509 754 2554 Hard„
783 2510 858 2546 etsi
886 2521 975 2546 eum
1002 2511 1052 2555 A,
1081 2522 1170 2547 eum
1198 2509 1352 2547 scilicet
1378 2522 1416 2557 a,
1441 2511 1543 2559 moly.
