1716 2742
380 151 392 153 -
446 124 804 169 PANEGYRICUS
834 133 1103 178 10‚4--13‚2.
1393 129 1481 177 331

60 245 151 291 iam
214 245 379 291 derisui
441 246 630 291 hostibus
693 251 801 301 erat,
866 248 1083 304 quamdiu·
1134 247 1378 306 imperator
1435 245 1486 304 is,

60 309 188 355 cuius
219 308 342 368 pulsi
379 309 613 369 fugatique
645 325 737 354 non
783 311 904 354 aliud
946 311 1091 354 maius
1132 310 1380 355 habebatur
1421 309 1486 353 in-

61 371 248 429 dicium,
280 387 415 429 quam
437 372 559 430 quod
578 372 888 431 triumpharet.
953 373 1077 432 Ergo
1100 373 1374 418 sustulerant
1393 372 1485 416 ani-
1513 384 1534 416 5

59 449 159 480 mos
190 436 237 479 et
267 434 425 494 iugum
465 438 751 479 excusserant
789 451 871 480 nec
911 436 1000 480 iam
1038 436 1274 481 nobiscum
1313 435 1367 480 de
1406 450 1487 479 sua

16 511 35 540 ε
59 497 287 554 libertate,
319 498 397 543 sed
429 497 483 542 de
511 500 668 542 nostra
694 499 908 542 servitute
936 499 1167 543 certabant
1199 514 1251 543 ac
1277 514 1334 543 ne
1360 497 1487 542 indu-

58 559 146 605 tias
179 559 362 619 quidem
392 560 482 605 nisi
513 561 667 618 aequis
695 561 1034 606 condicionibus
1061 561 1237 605 inibant
1261 562 1486 621 legesque,

58 625 111 668 ut
136 622 408 682 acciperent,
441 623 616 667 dabant.
682 623 745 668 At
776 639 897 668 nunc
928 624 1061 668 rediit
1099 623 1308 668 omnibus
1340 626 1486 668 terror
1502 620 1562 669 12

60 688 106 731 et
130 688 277 731 metus
304 689 350 731 et
374 688 531 731 votum
558 686 776 744 imperata
802 687 1007 731 faciendi.
1062 686 1231 731 Vident
1257 687 1375 731 enim
1397 686 1487 731 Ro-

60 764 244 794 manum
265 749 424 794 ducem
444 765 586 793 unum
613 765 668 793 ex
687 749 778 793 illis
799 750 1024 794 veteribus
1046 753 1090 794 et
1110 750 1290 807 priscis,
1324 750 1486 807 quibus

0 826 36 855 ιο
59 811 399 870 imperatorium
430 827 597 856 nomen
630 812 854 857 addebant
880 813 1074 857 contecti
1102 813 1311 857 caedibus
1339 812 1487 870 campi

60 877 107 919 et
124 874 292 919 infecta
309 874 512 919 victoriis
533 875 686 919 maria.
750 874 1012 933 Accipimus
1038 875 1213 920 obsides
1235 891 1361 934 ergo,
1394 890 1487 919 non
1513 886 1535 919 2

59 937 250 982 emimus
278 953 362 983 nec
387 937 647 997 ingentibus
678 938 852 982 damnis
881 938 1199 996 immensisque
1226 938 1487 982 muneribus

58 1000 347 1059 paciscimur,
365 1003 418 1044 ut
436 1001 687 1045 vicerimus.
723 1000 923 1060 Rogant,
957 1001 1230 1059 supplicant:
1256 1001 1489 1060 largimur,

58 1078 296 1123 negamus,
327 1065 571 1121 utrumque
604 1079 659 1108 ex
691 1063 870 1122 imperii
902 1064 1144 1108 maiestate.
1201 1063 1359 1122 Agunt
1390 1078 1488 1123 gra-

0 1142 34 1171 15
58 1125 167 1184 tias,
199 1126 278 1184 (1111
309 1126 681 1185 impetraverunt,
713 1142 806 1171 non
839 1126 1005 1171 audent
1038 1127 1184 1184 queri,
1218 1126 1380 1184 quibus
1413 1141 1488 1171 ne-

59 1190 215 1248 gatum
248 1191 327 1234 est.
390 1187 465 1233 An
498 1190 710 1247 audeant,
754 1190 831 1247 qui
865 1190 1009 1234 sciant
1040 1193 1084 1234 te
1118 1190 1341 1234 adsedisse
1374 1189 1488 1234 fero·
1515 1200 1537 1233 3

59 1251 251 1297 cissimis
290 1252 472 1310 populis
512 1267 564 1297 eo
604 1252 704 1310 ipso
744 1255 965 1311 tempore,
1006 1252 1126 1310 quod
1167 1252 1487 1297 amicissimum

59 1315 171 1373 illis,
222 1314 541 1360 difficillimum
587 1315 738 1373 nobis,
790 1331 892 1360 cum
938 1315 1173 1360 Danubius
1218 1315 1339 1373 ripas
1383 1315 1488 1374 gelu

59 1377 210 1437 iungit
228 1377 503 1435 duratusque
523 1379 668 1437 glacie
688 1378 890 1438 ingentia
910 1381 1037 1438 tergo
1060 1378 1179 1422 bella
1198 1380 1489 1436 transportat,

0 1457 34 1486 ιο
59 1455 163 1486 cum
194 1440 316 1485 ferae
348 1443 504 1500 gentes
530 1456 623 1485 non
649 1442 751 1486 telis
779 1442 923 1500 magis
952 1457 1087 1499 quam
1115 1456 1196 1485 suo
1225 1441 1372 1499 caelo,
1405 1455 1486 1485 suo

59 1503 203 1549 sidere
235 1503 496 1548 armantur?
548 1503 655 1562 Sed,
694 1504 773 1548 ubi
806 1505 853 1548 in
885 1504 1092 1562 proximo
1126 1506 1195 1561 tu,
1238 1518 1331 1548 non
1360 1518 1487 1548 secus
1515 1514 1534 1547 4

59 1581 112 1611 ac
143 1566 183 1611 si
214 1569 413 1611 mutatae
445 1569 701 1625 temporum
734 1568 854 1612 vices
888 1570 1055 1624 essent,
1088 1567 1156 1610 illi
1183 1566 1365 1624 quidem
1389 1566 1489 1610 lati-

58 1629 178 1674 bulis
212 1630 305 1674 suis
339 1629 480 1674 clausi
505 1630 794 1687 tenebantur,
827 1632 982 1674 nostra
1015 1629 1196 1689 agmina
1228 1643 1488 1687 percursare

57 1692 179 1750 ripas
211 1694 258 1736 et
289 1692 436 1737 aliena
469 1693 722 1751 occasione,
765 1693 802 1737 si
835 1693 1139 1750 permitteres,
1177 1692 1245 1736 uti
1277 1693 1488 1749 ultroque

0 1771 34 1800 2⁵
58 1755 254 1800 hiemem
281 1770 408 1800 suam
443 1756 643 1800 barbaris
677 1755 840 1800 inferre
875 1755 1142 1814 gaudebant.

151 1817 277 1863 Haec
308 1818 392 1863 tibi
426 1819 545 1876 apud
577 1818 730 1863 hostes
764 1818 1005 1863 veneratio.
1071 1816 1220 1870 Quid?
1252 1814 1372 1875 aPud
1405 1816 1485 1861 mi·
1502 1813 1564 1863 13

57 1881 160 1925 lites
194 1881 329 1939 quam
362 1881 703 1926 admirationem
731 1897 864 1939 quem
892 1881 948 1925 ad
974 1881 1159 1925 modum
1187 1879 1488 1937 comparasti?>

60 1959 163 1989 cum
193 1946 344 1989 tecum
377 1944 589 2000 inediam,
629 1947 779 1989 tecum
812 1944 981 1988 ferrent
1014 1943 1156 2000 sitim,
1196 1958 1298 1988 cum
1331 1943 1379 1987 in
1411 1943 1490 1987 illa

58 2006 351 2052 meditatione
384 2007 625 2065 campestri
657 2007 928 2051 militaribus
954 2006 1115 2050 turmis
1149 2006 1489 2064 imperatorium

0 2085 34 2115 so
58 2070 291 2128 pulverem
324 2070 622 2127 sudoremque
655 2070 883 2127 misceres,
914 2069 1031 2114 nihil
1057 2086 1083 2113 a
1109 2069 1266 2113 ceteris
1299 2069 1389 2113 nisi
1419 2084 1489 2113 ro-

59 2133 167 2178 bore
200 2148 253 2178 ac
284 2134 559 2191 praestantia
592 2134 786 2178 diversus
818 2133 958 2177 libero
986 2132 1130 2176 Marte
1162 2147 1283 2176 nunc
1316 2132 1488 2176 eminus

58 2196 150 2241 tela
186 2195 406 2254 vibrares,
446 2211 566 2240 nunc
605 2195 781 2240 vibrata
824 2195 1092 2253 susciperes,
1134 2195 1281 2239 alacer
1322 2195 1489 2239 virtute

59 2259 256 2304 militum
290 2261 335 2303 et
366 2259 527 2316 laetus,
563 2258 769 2315 quotiens
803 2261 881 2303 aut
914 2258 1076 2303 cassidi
1107 2260 1211 2302 tuae
1238 2260 1315 2302 aut
1343 2258 1487 2315 clipeo

59 2321 241 2381 gravior
272 2322 388 2367 ictus
423 2321 639 2366 incideret
671 2320 906 2381 (laudabas
942 2321 1109 2379 quippe
1142 2320 1353 2365 ferientes
1386 2320 1488 2364 hor·
1516 2331 1537 2363 2

161 2425 183 2458 3
224 2432 343 2468 quam
385 2420 489 2468 quod
529 2421 579 2465 B,
626 2420 705 2457 eod.
741 2420 916 2466 Livinei,
955 2420 1112 2464 Baehr„
1158 2430 1278 2466 quam
1316 2418 1349 2455 si
1385 2419 1487 2467 vuly.

61 2475 108 2508 29
141 2471 372 2510 velitatione
406 2471 584 2508 BIomms.
746 2474 789 2507 31
826 2470 1000 2507 diversus
1034 2470 1124 2507 add.
1152 2470 1309 2515 Baehr„
1342 2468 1488 2516 dispar,

61 2521 263 2567 differens,
292 2522 444 2558 distans
471 2522 536 2558 all.
