1716 2742
528 136 886 174 PANEGYRICUS
913 141 936 172 4
953 159 997 163 -
1014 140 1047 182 6,
1064 147 1091 172 2.
1428 136 1519 181 325

93 257 140 299 et
171 268 305 312 quem
338 253 383 296 di
415 252 658 298 fecissent?
702 267 895 310 quorum
939 251 1119 309 quidem
1162 252 1210 295 in
1251 253 1314 308 te,
1361 249 1522 294 Caesar

93 316 318 376 Auguste,
351 315 567 360 iudicium
601 318 645 360 et
677 316 805 360 favor
837 318 944 359 tunc
978 314 1150 371 statim,
1183 329 1286 359 cum
1319 313 1374 357 ad
1401 328 1522 357 exer-

94 379 233 425 citum
274 377 638 437 proficiscereris,
681 381 727 423 et
769 378 949 435 quidem
992 377 1207 421 inusitato
1249 377 1374 434 siyno
1419 391 1523 421 eno-

93 443 192 488 tuit.
237 441 358 487 Nam
384 443 555 486 ceteros
581 441 805 499 principes
833 443 911 484 aut
935 441 1089 500 largus
1117 455 1249 485 cruor
1274 439 1524 484 hostiarum
1551 450 1573 483 3

49 520 68 549 ⁵
94 507 173 550 aut
205 504 384 550 sinister
415 505 593 548 volatus
626 504 776 548 avium
810 503 1146 547 consulentibus
1171 502 1415 560 nuntiavit,
1441 501 1526 547 tibi

93 567 352 613 ascendenti
378 567 432 611 de
452 582 576 611 more
604 565 880 624 Capitolium
908 581 1181 624 quamquam
1207 581 1300 610 non
1326 565 1373 609 id
1393 580 1525 624 agen-

93 631 210 676 tium
242 630 409 676 civium
441 630 611 674 clamor
643 632 694 673 ut
726 630 815 673 iam
843 629 1037 686 principi
1064 628 1277 686 occurrit,
1303 627 1525 685 siquidem
1552 639 1576 672 4

96 693 243 739 omnis
275 693 428 751 turba,
454 708 568 750 quae
594 692 733 736 limen
759 691 1002 749 insederat,
1029 692 1084 736 ad
1110 692 1363 750 ingressum
1396 693 1526 735 tuum

94 756 270 802 foribus
294 755 482 800 reclusis
509 755 589 799 illa
615 755 808 813 quidem,
835 757 887 798 ut
912 757 1021 798 tunc
1045 754 1359 811 arbitrabatur,
1382 754 1527 811 deum,

34 834 72 862 ιο
97 822 317 875 ceterum,-
333 821 386 863 ut
411 818 566 863 docuit
592 821 792 875 eventus,
811 820 856 862 te
877 818 1178 862 consalutavit
1198 817 1526 875 imperatorem.

96 882 194 928 Nec
229 882 360 927 aliter
398 897 425 926 a
463 881 637 926 cunctis
678 897 811 925 omen
849 883 1083 938 acceptum
1124 882 1203 925 est.
1273 879 1392 924 Nam
1431 880 1528 938 ipse
1555 890 1577 924 5

96 945 359 1005 intellegere
385 944 590 1002 nolebas3
616 944 854 989 recusabas
881 943 1000 988 enim
1021 944 1259 1001 imperare,
1278 943 1528 1000 recusabas,

97 1007 220 1067 quod
270 1009 378 1052 bene
430 1010 528 1052 erat
572 1007 847 1065 imperaturi.
924 1005 1070 1065 Igitur
1116 1006 1343 1065 cogendus
1389 1005 1527 1050 fuisti.
1556 1016 1578 1049 6

99 1070 213 1131 Cogi
243 1085 379 1128 porro
411 1086 504 1115 non
536 1073 715 1128 poteras
747 1070 836 1114 nisi
868 1070 1069 1127 periculo
1105 1070 1275 1127 patriae
1319 1071 1363 1112 et
1401 1071 1528 1113 nuta-

36 1148 72 1177 15
97 1134 223 1179 tione
247 1133 314 1178 rei
339 1133 558 1192 publicae.
625 1131 912 1177 Obstinatum
934 1132 1052 1176 enim
1079 1131 1164 1175 tibi
1190 1147 1282 1176 non
1306 1131 1530 1190 suscipere

98 1196 359 1255 imperium,
399 1196 488 1242 nisi
530 1195 798 1241 servandum
841 1195 1012 1240 fuisset.
1087 1194 1232 1247 Quare
1276 1209 1359 1253 ego
1402 1195 1531 1239 illum
1559 1205 1579 1238 ’1

98 1261 249 1318 ipsum
296 1259 495 1304 furorem
543 1262 808 1316 motumque
854 1260 1126 1303 castrensem
1171 1273 1272 1302 reor
1317 1257 1530 1315 extitisse,

100 1322 207 1381 quia
231 1337 396 1382 magna
420 1322 467 1366 vi
493 1337 747 1382 magnoque
774 1324 943 1366 terrore
970 1320 1189 1365 modestia
1215 1323 1293 1364 tua
1313 1319 1532 1365 vincenda

101 1388 210 1431 erat.
287 1384 375 1444 Ac,
421 1385 537 1430 sicut
588 1385 723 1430 maris
770 1385 971 1442 caelique
1016 1383 1279 1441 temperiem
1330 1383 1531 1429 turbines
1560 1394 1582 1428 8

38 1464 75 1492 20
99 1451 480 1507 tempestatesque
526 1447 861 1504 commendant,
906 1447 970 1491 ita
1012 1447 1066 1490 ad
1115 1446 1364 1505 augendam
1409 1446 1532 1504 pacis

101 1515 205 1556 tuae
238 1512 430 1571 gratiam
462 1511 591 1556 illum
633 1511 878 1555 tumultum
921 1510 1215 1568 praecessisse
1258 1509 1532 1554 crediderim.

101 1574 252 1620 Habet
292 1574 374 1619 has
416 1574 536 1619 vices
580 1574 784 1619 condicio
827 1573 1108 1629 mortalium,
1152 1575 1202 1616 ut
1247 1573 1434 1617 adversa
1479 1588 1535 1617 ex
1562 1583 1583 1617 9

103 1637 328 1695 secundis,
381 1653 437 1682 ex
487 1637 685 1682 adversis
738 1635 932 1681 secunda
982 1637 1236 1680 nascantur.
1327 1634 1536 1680 Occultat

102 1703 397 1758 utrorumque
431 1700 602 1745 semina
628 1700 754 1757 deus,
782 1702 826 1743 et
852 1699 1117 1757 plerumque
1143 1697 1367 1742 bonorum
1398 1699 1535 1743 malo-

41 1778 78 1806 25
103 1778 294 1822 rumque
338 1778 498 1808 causae
544 1763 626 1807 sub
673 1763 848 1806 diversa
895 1761 1042 1820 specie
1086 1762 1241 1805 latent.
1320 1761 1535 1820 Magnum
1562 1759 1592 1807 6

105 1826 286 1885 quidem
328 1826 442 1871 illud
485 1826 662 1871 saeculo
710 1825 920 1882 dedecus,
962 1839 1177 1883 magnum
1220 1824 1286 1868 rei
1327 1824 1536 1882 publicae

104 1890 268 1934 vulnus
319 1889 588 1947 impressum
634 1891 719 1932 est:
765 1888 1010 1946 imperator
1057 1890 1102 1932 et
1146 1901 1308 1944 parens
1360 1887 1536 1946 generis

105 1952 293 1997 humani
339 1952 567 2010 obsessus,
612 1954 791 2009 captus,
835 1951 1053 2008 inclusus,
1100 1950 1250 1994 ablata
1296 1950 1536 1994 mitissimo

107 2016 204 2060 seni
235 2016 557 2060 servandorum
589 2014 824 2059 hominum
857 2016 1056 2071 potestas
1090 2016 1384 2071 ereptumque
1417 2013 1538 2071 prin-

44 2093 82 2120 30
108 2078 200 2137 cipi
225 2078 339 2123 illud
364 2078 413 2122 in
434 2078 691 2136 principatu
712 2076 1041 2134 beatissimum,
1068 2076 1187 2134 quod
1213 2076 1329 2119 nihil
1349 2076 1537 2135 cogitur.

109 2140 159 2187 Si
190 2144 342 2186 tamen
374 2142 485 2186 haec
519 2141 614 2186 sola
646 2142 742 2184 erat
773 2139 912 2196 ratio,
939 2154 1051 2196 quae
1078 2143 1122 2183 te
1148 2139 1354 2196 publicae
1381 2139 1539 2183 salutis
1566 2151 1587 2183 2

109 2204 424 2264 gubernaculis
459 2204 735 2260 admoveret,
767 2217 908 2260 prope
942 2204 1027 2259 est,
1060 2205 1112 2246 ut
1144 2203 1390 2247 exclamem
1423 2201 1540 2246 tanti

109 2268 261 2312 fuisse.
326 2266 548 2324 Corrupta
580 2269 647 2310 est
680 2266 918 2323 disciplina
950 2267 1217 2322 castrorum,
1260 2267 1312 2309 ut
1352 2267 1403 2308 tu
1445 2280 1541 2310 cor-

213 2382 234 2414 2
262 2377 435 2414 studium
466 2388 541 2424 pro
573 2376 764 2412 iudicium
793 2377 934 2413 Baehr.
965 2377 1075 2423 prob.
1100 2376 1263 2422 Burkh.,
1296 2376 1363 2413 sed
1388 2377 1436 2422 ef.
1458 2387 1487 2412 e.
1509 2387 1539 2412 c.

111 2428 224 2474 infra
245 2440 328 2475 cap.
351 2431 413 2473 94,
435 2430 470 2464 4.
574 2430 595 2463 3
622 2426 814 2463 inusitato
843 2427 996 2463 enotuit
1023 2427 1105 2474 (vel.
1126 2426 1265 2474 innot.)
1294 2426 1413 2472 codd„
1439 2426 1540 2463 inus.

114 2478 289 2528 (signo)
317 2479 420 2515 enot.
448 2478 562 2522 Sust„
596 2477 621 2513 i.
650 2477 779 2514 omine
813 2478 915 2514 enot.
945 2478 996 2514 K.
1025 2478 1135 2524 prob.
1163 2477 1325 2522 Burkh„
1358 2477 1383 2513 i.
1412 2476 1542 2513 omine

114 2529 245 2565 notuit
265 2529 420 2573 Baehr.,
447 2528 548 2564 inus.
570 2527 717 2564 indicio
740 2529 842 2564 enot.
865 2528 916 2564 K.
932 2529 966 2564 1.
1071 2531 1117 2564 23
1145 2538 1250 2564 nasc.
1274 2536 1308 2572 ς,
1335 2539 1440 2564 nosc.
1460 2527 1541 2564 rell.
