1716 2742
25 831 62 858 1⁰

26 1144 62 1172 15

0 1457 66 1486 ,20

506 131 872 173 EPISTULARUM
897 133 951 170 IX
978 138 1038 180 25,
1065 137 1126 171 26.
1429 134 1518 180 251

86 252 337 297 Homerum
376 251 664 310 potissimum
710 250 951 308 attingam,
995 263 1129 306 quem
1169 248 1351 293 tandem
1392 248 1521 292 31161·-

86 317 235 360 utram
276 315 326 359 in
366 317 543 372 partem
575 315 727 370 potest
752 312 909 370 fugere
937 310 1095 368 Ἀμφὶ
1128 310 1187 355 δὲ
1220 309 1522 368 σάλπιγξεν

86 377 253 436 μέγας
284 373 543 436 οὐρανός·
575 375 698 434 ἠέρι
731 372 775 418 δ’
813 372 972 432 ἔγχος
1003 372 1250 418 ἐκέκλιτο
1290 376 1334 418 61
1372 375 1521 417 10111111

85 438 200 485 1111111
233 440 360 485 οὔτε
391 438 679 496 θαλάσσης
710 443 852 493 κῦμα
884 437 1051 481 τόσον
1084 436 1253 496 βοάᾳῗ
1299 435 1387 481 Sed
1407 451 1521 494 opus
1550 449 1570 481 7

86 505 155 548 est
192 503 397 547 examine
437 505 483 546 et
519 502 653 558 libra,
698 499 980 544 incredibilia
1013 499 1104 543 sint
1141 499 1252 543 haec
1295 501 1340 543 et
1371 499 1523 543 inania

86 581 145 610 an
170 565 414 625 magnifica
438 567 484 609 et
509 564 729 609 caelestia.
775 561 873 607 Nec
898 577 1019 606 nunc
1046 577 1130 621 ego
1158 577 1229 606 me
1255 562 1326 605 his
1357 561 1522 605 similia

86 631 166 673 aut
211 627 378 672 dixisse
423 630 502 672 aut
546 641 679 685 posse
722 625 869 670 dicere
914 627 1046 683 puto:
1091 640 1185 668 non
1224 625 1287 668 ita
1326 625 1523 682 insani03

86 690 166 736 sed
189 690 280 736 hoc
305 690 510 749 intellegi
535 690 656 746 volo,
680 688 898 732 laxandos
926 702 1022 731 esse
1049 687 1332 745 eloquentiae
1357 687 1522 744 frenos,

86 768 170 798 nec
208 753 531 813 angustissimo
572 767 686 811 gyro
727 751 1013 810 ingeniorum
1046 750 1243 807 impetus
1276 749 1524 808 refringen-

87 816 182 862 dos.
238 815 317 860 At
348 816 469 860 enim
508 815 597 860 alia
623 814 829 859 condicio
857 815 1107 869 oratorum,
1140 813 1229 856 3113
1260 811 1524 870 poetarum?

88 878 228 932 Quasi
258 894 366 923 vero
393 878 451 923 M.
473 877 650 922 Tullius
677 877 828 921 minus
861 876 1041 920 audeat!
1088 874 1370 933 Quamquam
1403 875 1525 919 hunc

88 942 270 1012 omitt03
306 956 454 999 neque
487 941 607 985 em'm
647 940 818 999 ambigi
856 941 981 996 puto.
1067 936 1155 982 Sed
1195 937 1523 982 Demosthenes

88 1004 204 1062 ipse,
235 1004 313 1049 1116
345 1019 505 1048 11011113
537 1003 729 1048 oratoris
764 1005 810 1047 et
841 1002 1017 1060 regula,
1047 1016 1158 1045 num
1193 1015 1239 1045 se
1274 1000 1454 1045 cohibet
1480 1002 1525 1044 et

89 1067 368 1125 comprimit,
429 1082 533 1111 cum
594 1066 704 1110 dicit
758 1065 838 1109 illa
901 1064 1158 1108 notissima:
1207 1061 1525 1120 ’Ἀνθρωποι

88 1129 280 1189 μιαροὶ
312 1129 403 1174 καὶ
441 1130 672 1182 κόλακες
711 1128 800 1172 καὶ
840 1126 1140 1185 ἀλάστορες
1180 1129 1225 1170 61
1263 1141 1418 1170 rursus
1461 1125 1523 1170 οὐ

90 1193 277 1246 λίθοις
319 1190 566 1250 ἐτείχισα
607 1192 706 1250 τὴν
748 1192 902 1235 πόλιν
944 1189 1075 1234 οὐδὲ
1114 1190 1380 1242 πλίνθοις
1422 1187 1524 1246 ἐγώ

90 1258 136 1300 61
180 1255 335 1300 statim
387 1254 487 1299 οὐκ
538 1253 594 1299 ἐκ
647 1253 746 1310 μὲν
797 1253 1078 1310 θαλάττης
1130 1253 1228 1310 τὴν
1274 1252 1526 1309 Εὔβοιαν

90 1316 477 1376 προβαλέσθαι
527 1315 631 1374 πρὸ
684 1323 779 1374 τῆς
834 1317 1087 1373 Ἀττικῆς;
1138 1318 1183 1359 61
1225 1314 1352 1358 alibi:
1393 1311 1525 1371 Ἐγὼ

91 1380 152 1425 δὲ
171 1375 324 1438 οἶμαι
350 1379 464 1437 μέν,
491 1377 527 1425 ὦ
555 1380 756 1437 ἄνδρες
774 1380 1082 1436 Ἀθηναῖοι,
1109 1378 1173 1435 νὴ
1201 1378 1330 1430 τοὺς
1355 1378 1526 1429 θεοὺς

92 1441 312 1488 ἐκεῖνον
363 1443 601 1499 μεθύειν
652 1446 724 1503 τῷ
775 1441 1004 1499 μεγέθει
1055 1448 1162 1485 τῶν
1213 1438 1527 1498 πεπραγμέ-

91 1505 232 1551 νωνῗ
257 1504 355 1550 13111
375 1506 485 1564 quid
505 1506 743 1550 audentius
764 1505 844 1549 illo
859 1504 1164 1562 pulcherrimo
1187 1518 1239 1547 ac
1257 1502 1525 1561 longissimo

91 1583 292 1614 excessu:
319 1570 532 1626 νόσημα
552 1568 684 1626 γάρῗ
717 1567 835 1620 Quid
855 1568 966 1611 haec
986 1566 1193 1610 breviora
1207 1564 1526 1622 superioribus,

91 1631 169 1676 sed
201 1631 388 1676 audacia
419 1632 564 1689 paria:
604 1632 736 1675 Τότε
769 1628 872 1687 ἐγὼ
905 1629 1003 1686 μὲν
1035 1635 1104 1689 τῷ
1133 1628 1370 1673 Πύθωνι
1395 1632 1528 1684 θρα-

92 1693 378 1754 συνομένῳ
424 1694 514 1739 καὶ
559 1697 742 1752 πολλῷ
790 1691 975 1751 ῥέοντι
1020 1675 1142 1736 πάθ’
1194 1690 1378 1747 ὑμῶνῗ
1454 1690 1527 1734 Ex

93 1757 248 1802 eadem
281 1759 391 1801 nota
423 1757 555 1802 ὅταν
589 1756 648 1801 δὲ
681 1754 738 1800 ἐκ
774 1752 1100 1807 πλεονεξίας
1132 1754 1222 1798 καὶ
1255 1754 1527 1811 πονηρίας

92 1835 174 1872 τις
206 1819 387 1877 ὥσπερ
421 1815 585 1871 οὗτος
613 1818 834 1879 ἰσχύση,
866 1818 894 1875 ἡ
923 1817 1106 1876 πρώτη
1133 1816 1412 1874 πρόφασις
1437 1816 1528 1860 καὶ

51 1897 54 1899 ·
92 1880 294 1939 μικρὸν
319 1888 562 1938 πταῖσμα
589 1881 802 1925 ἅπαντα
834 1879 1152 1938 ἀνεχαίτισε
1178 1880 1270 1924 καὶ
1290 1878 1527 1924 διέλυσε.

94 1943 252 1989 Simile
296 1945 368 1989 his
415 1942 916 2002 ἀπεσχοινισμένος
968 1942 1136 1987 ἅπασι
1181 1949 1299 1995 τοῖς
1353 1940 1411 1986 ἐν
1462 1945 1528 2002 τῆ

93 2007 250 2052 πόλει
283 2007 525 2060 δικαίοις
558 2009 603 2050 61
635 2006 803 2050 ibidem
837 2008 902 2050 σὺ
935 2003 1034 2050 τὸν
1066 2006 1145 2058 εἰς
1171 2009 1344 2049 ταῦτα
1371 2001 1529 2048 ἔλεον

94 2069 471 2128 προδέδωκας,
508 2068 938 2126 Ἀριστογειτον,
986 2072 1197 2125 μᾶλλον
1238 2066 1280 2111 δ’
1326 2063 1530 2142 ἀνῄρη-

95 2150 192 2186 κας
230 2130 380 2185 ὅλως.
414 2133 483 2190 μὴ
519 2132 605 2190 δή,
648 2132 784 2190 πρὸς
818 2130 914 2184 οὓς
947 2129 1114 2184 αὐτὸς
1147 2128 1354 2188 ἔχωσας
1388 2127 1529 2185 λιμέ-

195 2223 218 2256 2
246 2220 361 2256 Hom.
385 2221 417 2255 Φ
442 2221 529 2255 388.
633 2222 656 2253 4
684 2218 799 2254 Hom.
821 2219 856 2254 E
876 2219 962 2254 356.
1060 2220 1081 2253 5
1109 2215 1225 2261 libra,
1252 2214 1404 2261 inquid,
1432 2214 1527 2250 incr.

97 2270 158 2315 M,
185 2269 237 2307 K.
253 2271 289 2315 I,
315 2268 431 2314 libra,
457 2268 634 2314 inquam,
662 2267 757 2304 incr.
782 2267 944 2304 thius.
1050 2270 1097 2302 14
1124 2267 1237 2303 Dem.
1258 2265 1420 2302 XVIII
1439 2266 1528 2302 296.

97 2323 143 2356 15
163 2320 257 2357 ibid.
277 2322 366 2357 299.
472 2322 516 2354 17
538 2318 630 2354 ibid.
654 2321 739 2355 301.
845 2321 892 2354 18
919 2318 1029 2354 Dem.
1051 2317 1122 2353 IV
1136 2319 1196 2353 49.
1302 2319 1346 2351 21
1377 2314 1529 2351 aelon-

95 2369 258 2417 gissimo
278 2380 349 2407 om.
370 2369 494 2416 ng,
518 2368 570 2404 K.
586 2369 621 2413 Ι,
642 2367 777 2404 Muell.
855 2371 902 2404 22
924 2368 1036 2404 Dem.
1052 2367 1163 2403 XIX
1181 2368 1269 2403 259.
1348 2364 1421 2401 23*
1440 2363 1529 2412 pari

96 2420 150 2465 D,
182 2419 334 2467 pariter
357 2419 379 2456 ‚9
411 2419 462 2464 cf.
488 2419 541 2455 ad
571 2418 678 2455 Trai.
706 2420 756 2454 58
789 2419 889 2464 (66),
922 2420 970 2462 8,
1002 2420 1052 2454 63
1085 2418 1194 2463 (13),·
1219 2427 1362 2463 paneg)
1389 2418 1451 2461 30,
1483 2417 1530 2460 5,·

96 2472 158 2514 78,
184 2473 231 2515 4;
257 2470 308 2507 al.
338 2492 382 2496 —
411 2470 523 2506 Dem.
552 2469 713 2505 XVIII
735 2470 819 2505 136.
922 2471 968 2503 25
997 2467 1108 2504 Dem.
1130 2467 1235 2504 119.
1341 2468 1389 2502 28
1415 2444 1528 2502 Dem.

98 2498 231 2558 XXV
247 2522 308 2558 28.
412 2522 459 2556 29
487 2519 579 2556 ι’ὂιᾱ.
600 2521 660 2555 84.
707 2546 725 2568 4
