1630 2678
138 127 195 172 58
733 121 772 158 C.
793 119 927 157 PLINI

64 252 110 285 ιι
135 238 297 282 centies
341 236 601 280 habiturum.
664 234 725 278 Et
761 232 955 288 habebit,
999 231 1037 274 si
1080 230 1232 287 mode,
1274 232 1338 289 ut,
1369 230 1529 288 coepit,

136 299 277 342 aliena
307 299 585 353 testamenta,
617 295 734 353 quod
760 297 826 338 est
850 293 1225 351 improbissimum
1251 291 1532 351 genus-falsi,

137 360 262 416 ipsis,
296 373 479 415 quorum
514 360 616 401 sunt
647 358 743 412 illa,
776 355 1016 400 dictaverit.
1080 353 1202 403 Vale.

394 591 441 640 C.
475 590 654 639 PLINI
693 589 950 639 GAECLLI
989 586 1272 637 SECUNDI

343 703 1310 773 EPISTULARUM
1555 739 1573 767 ⁵

592 837 772 882 LIBER
804 836 1070 882 TERTmS.

817 1032 848 1070 Ι.

403 1106 444 1140 C.
466 1106 665 1139 PLINIUS
693 1106 923 1139 CALVISIO
951 1105 1084 1139 RUFO
1113 1105 1208 1139 SUO
1237 1105 1274 1139 S.

98 1199 116 1231 1
220 1185 398 1241 Nescio,
426 1201 481 1229 an
506 1187 646 1229 uuum
672 1186 902 1230 iucundius
928 1189 1102 1243 tempus
1129 1185 1369 1244 exegerim,
1399 1200 1534 1243 quam

144 1262 229 1302 quo
261 1262 401 1303 nuper
432 1246 547 1303 apud
579 1245 844 1303 Spurinnam
876 1247 960 1302 fui,
998 1247 1105 1291 adeo
1145 1247 1341 1304 quidem,
1379 1252 1431 1291 ut
1461 1261 1534 1291 ne-
1559 1262 1596 1289 ιο

144 1308 302 1350 minem
337 1308 475 1366 magis
515 1309 562 1351 in
599 1311 837 1364 senectute,
876 1309 913 1351 si
951 1309 1082 1352 modo
1123 1323 1346 1352 senescere
1383 1308 1535 1352 datum

145 1373 226 1422 est,
259 1369 466 1412 aemulari
504 1369 652 1424 velim3
690 1369 802 1412 nihil
833 1373 900 1412 est
944 1370 1062 1412 enim
1106 1369 1184 1413 illo
1222 1370 1339 1413 vitae
1377 1383 1535 1428 genere,

99 1441 120 1472 2
147 1429 402 1473 distinctius.
471 1429 541 1473 Me
585 1433 729 1474 autem
773 1433 824 1474 ut
861 1433 1004 1474 certus
1044 1430 1236 1474 siderum
1281 1445 1435 1475 cursus
1473 1431 1537 1474 ita

147 1490 237 1531 vita
279 1490 505 1533 hominum
550 1491 762 1548 disposita
812 1492 1019 1547 delectat,
1070 1506 1223 1536 senum
1265 1491 1535 1549 praesertim.

147 1548 260 1592 Nam
293 1550 465 1593 iuvenes
498 1552 678 1595 confusa
709 1552 851 1596 adhuc
883 1553 1095 1609 quaedam
1129 1555 1173 1596 et
1205 1553 1330 1610 quasi
1360 1552 1538 1597 turbata
1562 1567 1598 1595 15

150 1625 237 1652 non
269 1610 484 1665 indecem,
522 1613 694 1656 senibus
732 1614 904 1670 placida
941 1614 1089 1657 omnia
1121 1617 1165 1658 et
1203 1614 1405 1658 ordinata
1435 1612 1537 1658 co'n·

103 1682 123 1714 3
149 1670 347 1726 veniunt,
367 1672 520 1727 quibus
541 1673 753 1717 industria
772 1689 885 1731 sera,
903 1675 1045 1731 turpis
1065 1675 1248 1719 ambitio
1275 1677 1353 1719 est.
1409 1673 1538 1719 Hanc

149 1732 343 1788 regulam
389 1731 606 1788 Spurinna
649 1736 999 1779 constantissime
1044 1739 1204 1793 servat3
1255 1736 1364 1793 quin
1403 1735 1537 1780 etiam

150 1806 283 1846 parva
313 1791 438 1847 haec,
468 1809 616 1849 parva,
649 1796 685 1837 si
709 1811 799 1838 non
825 1797 982 1840 cotidie
1015 1797 1142 1853 fiant,
1167 1797 1320 1842 ordine
1345 1797 1538 1855 quodam

104 1863 126 1895 4
151 1854 195 1894 et
220 1852 340 1895 velut
366 1853 468 1896 orbe
489 1855 755 1912 circumagit.
798 1857 924 1900 Mane
950 1859 1112 1902 lectulo
1139 1859 1411 1915 continetur,
1428 1858 1539 1902 hora
1563 1870 1600 1898 8⁰

153 1913 340 1956 secunda
380 1915 546 1957 calceos
588 1917 748 1971 poscit,
796 1917 990 1961 ambulat
1031 1919 1154 1962 milia
1203 1934 1412 1976 passuum
1453 1919 1540 1962 tria

152 1988 231 2015 nec
263 1974 406 2016 minus
439 1976 630 2019 animum
671 1991 799 2032 quam
841 1993 998 2035 corpus
1040 1983 1222 2024 exercet.
1292 1979 1342 2024 Si
1379 1979 1540 2024 adsunt
1595 2030 1597 2033 ,

153 2034 299 2088 amici,
337 2035 631 2079 honestissimi
664 2053 881 2081 sermones
915 2041 1204 2097 explicantur,
1237 2042 1404 2097 sinon,
1426 2040 1540 2085 liber

152 2094 330 2150 legitur,
363 2096 579 2139 interdum
613 2098 742 2141 etiam
781 2100 1080 2154 praesentibus
1113 2102 1285 2158 amicis,
1322 2102 1361 2146 si
1390 2105 1541 2146 tamen

106 2167 127 2199 5
157 2155 222 2196 illi
254 2170 342 2197 non
386 2160 632 2213 gravantur.
696 2158 863 2203 Deinde
908 2162 1114 2218 considit,
1158 2166 1202 2206 et
1231 2163 1346 2207 liber
1387 2177 1539 2207 rursus
1565 2177 1602 2204 25

154 2217 230 2257 aut
262 2230 402 2259 sermo
434 2217 547 2260 libro
586 2219 749 2275 potior3
787 2234 890 2263 mox
926 2222 1175 2267 vehiculum
1214 2223 1428 2280 ascendit,
1466 2223 1539 2269 ad-

155 2276 288 2318 sumit
313 2292 491 2320 uxorem
515 2278 746 2336 singularis
773 2283 961 2338 exempli
986 2284 1055 2326 vel
1081 2285 1272 2341 aliquem
1298 2285 1540 2330 amicorum

251 2386 273 2419 8
299 2384 399 2420 Rufo
426 2385 512 2421 add.
540 2397 586 2422 ex
616 2387 692 2422 solo
725 2387 772 2423 R.
912 2393 955 2424 15
990 2391 1116 2427 adhuc
1148 2392 1307 2428 confusa
1339 2392 1538 2440 Rva-a.

155 2435 200 2468 18
226 2432 293 2477 qui
319 2434 356 2469 R
373 2434 455 2479 Fp,
484 2434 625 2481 Stanyl.
