1630 2678
9 0 31 160 Ι
465 134 821 174 EPISTULARUM
845 134 882 171 V
908 137 1063 172 10—18.
1374 133 1463 180 135

13 163 33 196 ,ἒ

13 198 20 218 ¹
44 214 50 223 2

10 231 27 299 ἶ
61 249 183 298 Nam
211 249 324 297 mihi
355 249 518 308 duplex
549 248 662 292 ratio
694 246 920 303 recitandi,
951 262 1051 303 una,
1084 249 1135 291 ut
1165 245 1462 290 sollicitudine

64 311 285 369 intend-r,
318 311 476 367 altera,
518 313 570 354 ut
613 310 867 366 admonear,
911 308 950 353 si
988 308 1094 365 quid
1138 307 1254 351 forte
1297 322 1368 350 me
1411 309 1464 350 ut

63 388 213 421 noum
242 372 373 418 fallit.
435 371 559 428 Tuli,
601 371 719 428 quod
760 370 983 428 petebam,
1025 369 1192 423 inveni,
1234 369 1312 425 qui
1352 367 1463 412 mihi
1487 378 1510 410 2

63 434 239 494 copiam
270 433 446 480 consilii
478 433 548 477 sui
578 432 785 476 facerent.
846 430 947 489 Ipse
985 434 1210 488 praeterea
1247 429 1461 486 quaedam

8 507 42 555 μ
63 495 337 543 emendanda
376 494 595 539 adnotavi.
670 493 917 537 Emendavi
956 493 1139 548 librum,
1183 506 1314 548 quem
1361 491 1463 536 misi

19 609 26 614 ⁴
61 556 160 603 tibi.
202 556 435 602 Materiam
466 571 520 600 ex
551 555 684 599 titulo
718 569 975 613 cognosces,
1007 556 1151 598 cetera
1181 553 1295 596 liber
1325 554 1463 612 expli·
1488 569 1512 603 a

0 630 21 686 51
63 618 197 676 nabit,
220 633 352 676 quem
377 618 466 662 iam
491 631 610 661 nunc
636 619 813 673 oportet
844 617 907 660 ita
940 616 1256 670 conlucescere,
1286 618 1337 660 ut
1368 616 1463 660 sine

4 679 6 681 ’
239 680 337 724 ‘one
369 679 661 736 intellegatur.
724 677 792 721 Tu
824 678 977 733 velim,
1014 677 1121 734 quid
1154 676 1206 719 de
1244 678 1463 734 universo,
1487 693 1511 726 4

66 741 173 799 quid
204 741 259 786 de
289 740 491 798 partibus
523 740 706 796 sentias,
738 739 902 783 scribas
935 739 1058 782 mihi.
1120 737 1211 781 Ero
1244 738 1361 782 enim
1392 739 1464 783 vel

3 822 42 852 n
65 802 238 848 cautior
267 801 316 846 in
341 801 606 846 continendo
633 801 704 844 vel
729 801 1004 845 constantior
1027 801 1074 844 in
1100 800 1281 857 edendo,
1313 800 1351 844 si
1375 801 1464 845 huc

64 864 136 908 vel
165 863 275 908 illuc
305 862 543 908 auctoritas
574 865 653 906 tua
684 862 926 907 accesserit.
990 861 1112 906 Vale.

615 977 729 1017 xm.
763 972 910 1030 [xm]
1018 963 1178 1043 57⁴²
1202 972 1239 1006 ὃ
1268 965 1313 1010 P
1325 973 1392 1003 -1‘

378 1051 421 1087 C.
440 1052 642 1087 PLINIUS
669 1052 958 1086 VALERIANO
986 1051 1080 1086 SUO
1103 1052 1147 1086 S.

3 1129 29 1174 1
155 1120 218 1166 Et
239 1123 291 1165 tu
315 1135 446 1180 rogas
473 1123 517 1165 et
542 1135 625 1179 ego
657 1121 855 1178 promisi,
887 1122 924 1164 si
948 1135 1164 1179 rogasses,
1196 1120 1461 1177 scripturum
1490 1133 1510 1167 1

0 1179 42 1252 ᾗ
64 1197 135 1227 me
170 1182 274 1240 tibi,
312 1196 442 1239 quem
482 1182 710 1226 habuisset
747 1185 953 1226 eventum
995 1182 1236 1239 postulatio
1274 1181 1463 1239 Nepotis

0 1263 22 1320 ἶ
65 1244 183 1289 circa
212 1243 456 1288 Tuscilium
480 1243 782 1288 Nominatum.
846 1242 1058 1287 Inductus
1091 1246 1159 1287 est
1183 1242 1463 1300 Nominatus,

4 1337 16 1366 3
65 1305 159 1364 egit
194 1304 290 1362 ipse
326 1319 408 1363 pro
450 1319 496 1348 se
533 1305 658 1348 nullo
691 1308 935 1349 accusante.
999 1305 1178 1348 Etenim
1219 1304 1355 1362 legati
1389 1304 1464 1349 Vi·

0 1371 25 1422 ‘,
65 1366 311 1411 cetinorum
335 1381 427 1410 non
452 1366 584 1410 modo
610 1381 701 1410 non
726 1369 981 1423 presserunt
1006 1381 1118 1423 eum,
1150 1381 1303 1409 verum
1330 1365 1464 1410 etiam

0 1423 21 1427 ¹*
65 1427 415 1472 sublevaverunt.
479 1426 662 1471 Summa
694 1428 980 1483 defensionis,
1011 1442 1102 1470 non
1134 1427 1266 1470 fidem
1300 1427 1386 1470 sibi
1416 1428 1465 1471 in
1488 1440 1511 1473 2

65 1488 370 1546 advocatione,
409 1487 484 1533 sed
523 1489 816 1533 constantiam
855 1488 1062 1544 defuisse3
1102 1488 1376 1532 descendisse
1413 1491 1466 1533 ut

65 1552 266 1594 acturum
299 1553 431 1607 atque
464 1550 596 1594 etiam
630 1550 677 1593 in
709 1551 831 1594 curia
862 1550 1027 1606 visum,
1065 1549 1220 1593 deinde
1253 1550 1463 1594 sermoni·

0 1608 11 1646 ‘,
64 1611 148 1656 bus
185 1611 428 1655 amicorum
460 1611 741 1668 perterritum
782 1610 1029 1667 recessisse3
1077 1610 1293 1654 monitum
1332 1611 1464 1667 enim,

65 1687 121 1717 ne
151 1671 369 1716 desiderio
402 1672 615 1716 senatoris
647 1687 740 1715 non
772 1672 858 1714 iam
893 1672 1019 1728 quasi
1044 1671 1097 1715 de
1127 1671 1349 1728 nundinis,
1387 1672 1464 1716 sed

23 1756 26 1763 ·
67 1733 195 1790 quasi
226 1733 279 1777 de
311 1733 466 1792 gratia,
497 1733 626 1788 fama,
660 1733 875 1790 dignitate
908 1733 1115 1777 certantis
1148 1736 1240 1777 tam
1272 1734 1462 1790 pertina-

5 1812 44 1841 π
68 1794 189 1850 citer,
214 1794 472 1851 prmertim
494 1794 540 1837 in
560 1797 727 1849 senatu,
753 1797 1032 1852 repugnaret,
1057 1794 1225 1850 alioqui
1250 1795 1461 1838 maiorem

66 1854 276 1899 invidiam
309 1869 440 1912 quam
474 1855 674 1911 proxime
706 1870 924 1911 passurus.
988 1855 1098 1899 Erat
1130 1870 1232 1899 sane
1264 1856 1404 1912 prius,
1437 1871 1463 1899 a
1488 1869 1511 1901 3

66 1916 218 1975 paucis
251 1918 417 1971 tamen,
459 1916 749 1959 acclamatum
788 1917 974 1960 exeunti.
1040 1916 1280 1960 Subiunxit
1311 1932 1462 1974 preces

67 1977 344 2033 multumque
374 1977 674 2034 lacrimarum;
707 1977 814 2034 quin
845 1979 976 2022 etiam
1003 1981 1098 2022 tota
1124 1978 1295 2022 actione
1327 1978 1462 2022 homo

67 2038 114 2082 in
164 2037 348 2082 dicendo
400 2038 662 2082 exercitatus
714 2053 890 2095 operam
942 2039 1080 2095 dedit,
1138 2042 1188 2082 ut
1239 2039 1463 2095 deprecari

0 2102 44 2154 b
68 2099 210 2158 magis
236 2097 301 2157 (id
327 2099 443 2142 enim
470 2101 514 2142 et
539 2098 825 2143 favorabilius
852 2103 895 2144 et
927 2099 1088 2159 tutius)
1122 2115 1252 2157 quam
1286 2100 1462 2143 defendi

67 2159 299 2205 videretur.
364 2159 607 2203 Absolutus
649 2163 715 2204 est
753 2162 970 2205 sententia
1012 2162 1229 2219 designati
1269 2161 1462 2205 consulis
1488 2175 1511 2208 4
1575 2208 1579 2211 Α

68 2220 224 2266 Afrani
276 2219 453 2277 Dextri,
504 2221 627 2264 cuius
678 2222 785 2266 haec
836 2237 1026 2278 summa,
1076 2222 1233 2265 melius
1286 2222 1462 2278 quidem

166 2321 188 2354 2
207 2317 393 2354 incendat
407 2328 510 2363 pra.
606 2320 628 2353 ὀ
647 2316 865 2364 librumque
884 2318 971 2354 misi
994 2319 1213 2354 Mommsen.
1309 2317 1355 2353 7⁸
1375 2330 1463 2355 con·

68 2378 242 2405 suescore
265 2366 385 2411 codd„
410 2366 506 2411 edd„
532 2365 796 2403 conlucescere
821 2379 839 2404 e
863 2378 885 2404 o
919 2368 1037 2404 Wien.
1058 2367 1164 2403 Stud.
1185 2366 1363 2414 XXVp.
1378 2370 1463 2405 310.

70 2418 115 2452 17
142 2415 284 2452 etenim
310 2415 470 2462 Dpra‚
493 2415 593 2459 Otto,
619 2427 709 2451 nam
735 2416 792 2461 M,
850 2445 857 2452 .
985 2419 1028 2452 19
1056 2414 1304 2452 sublevamnt
1331 2417 1391 2461 M,
1411 2417 1463 2455 K.

70 2467 117 2502 8⁶
135 2475 316 2512 passurus
342 2464 502 2511 Dpra,
531 2465 627 2509 Otto,
653 2464 801 2510 Muell„
826 2475 1028 2511 passurum
1057 2465 1115 2509 M,
1142 2465 1193 2501 K.
