1716 2742
458 106 823 144 EPISTULARUM
847 107 902 143 ix
932 111 1091 145 10—13.
1404 109 1494 154 239

62 220 341 279 prehendat?
370 221 479 266 Non
499 237 653 266 omnes
672 222 879 266 homines
900 223 1053 280 aliquo
1076 238 1223 266 errore
1241 223 1496 267 ducuntur?

61 299 156 328 non
186 283 263 330 hic
287 284 336 328 in
369 284 449 328 illo
483 285 587 341 sibi,
621 285 670 328 in
695 285 782 329 hoc
809 285 924 329 alius
950 285 1207 344 indulget?
1263 284 1387 329 Haec
1413 286 1496 329 tibi
1524 298 1545 329 2

62 346 320 394 admonitus
364 347 615 392 inmodicae
662 348 911 391 severitatis
959 348 1164 405 exemplo
1211 363 1293 405 pro
1344 363 1496 392 amore

62 411 222 457 mutuo
274 410 451 467 scripsi,
506 426 563 454 ne
609 410 788 467 quando
840 413 891 454 tu
944 425 1123 468 quoque
1169 411 1315 454 filium
1366 413 1496 455 tuum

19 485 37 514 ⁵
63 471 266 517 acerbius
300 472 545 530 duriusque
577 475 802 517 tractares.
870 472 1031 532 Cogita
1064 478 1109 517 et
1142 474 1271 516 illum
1305 489 1496 531 puerum

62 549 159 580 esse
198 537 244 578 et
278 537 324 579 te
362 534 502 579 fuisse
535 538 669 593 atque
702 536 766 579 ita
799 535 905 592 hoc,
939 536 1059 593 quod
1094 551 1139 579 es
1173 539 1320 593 pater,
1360 540 1497 593 utere,

61 599 115 641 ut
151 598 409 642 memineris
448 601 493 642 et
530 598 759 642 hominem
794 614 890 642 esse
922 601 967 642 te
1001 602 1045 642 et
1077 599 1275 642 hominis
1309 602 1495 656 patrem.

61 658 188 704 Vale.
722 715 837 754 xm.
872 694 1414 784 wlstanus
1438 726 1570 776 ὥς,

0 787 37 815 1⁰
71 828 74 831 p
391 790 434 824 C.
456 791 663 826 PLINIUS
691 791 970 833 QUADRATO
999 791 1096 826 SUO
1125 791 1164 825 S.

157 859 335 913 Quanto
376 861 621 905 studiosius
662 862 969 918 intentiusque
1007 862 1158 920 legisti
1191 862 1350 918 libros,
1385 878 1496 919 quos
1527 875 1545 906 1

63 922 117 967 de
149 922 334 967 Helvidi
359 924 533 968 ultione
561 925 815 981 composui,
849 927 977 968 tanto
1004 925 1253 982 impensius
1281 926 1498 982 postulas,

62 988 114 1029 ut
145 986 421 1044 perscribam
454 986 558 1043 tibi,
592 1001 794 1044 quaeque
828 990 954 1030 extra
980 987 1122 1031 libros
1150 1003 1352 1045 quaeque
1380 988 1498 1032 circa

60 1048 221 1104 libros,
247 1051 396 1093 totum
424 1049 616 1107 denique
644 1049 847 1093 ordinem
873 1051 952 1107 rei,
978 1050 1051 1094 cui
1078 1066 1159 1107 per
1186 1054 1378 1094 aetatem
1406 1066 1498 1094 non

0 1124 36 1153 15
62 1110 319 1156 interfuisti.

157 1172 317 1219 Occiso
358 1173 620 1219 Domitiano
655 1175 792 1218 statui
832 1190 1007 1219 mecum
1042 1190 1094 1219 ac
1127 1175 1370 1219 deliberavi
1404 1191 1498 1219 esse
1524 1186 1546 1219 2

62 1251 274 1296 magnam
319 1236 646 1295 pulchramque
692 1238 925 1281 materiam
972 1238 1222 1282 insectandi
1273 1241 1499 1295 nocentes,

62 1299 250 1344 miseros
289 1300 568 1357 vindicandi,
608 1316 654 1344 se
693 1300 962 1357 proferendi.
1027 1300 1169 1345 Porro
1204 1301 1323 1345 inter
1355 1301 1499 1345 multa

62 1363 231 1407 scelera
281 1363 528 1407 multorum
580 1363 756 1406 nullum
811 1363 1007 1407 atrocius
1054 1363 1310 1419 videbatur,
1362 1379 1498 1421 quam

0 1439 37 1467 πο
63 1425 184 1482 quod
223 1425 271 1468 in
310 1428 468 1469 senatu
509 1428 690 1470 senator
722 1427 935 1482 senatori,
975 1427 1225 1483 praet-orius
1260 1427 1498 1483 consulari,

61 1503 138 1532 reo
181 1487 317 1532 iudex
348 1504 507 1533 manus
541 1489 780 1532 intulisset.
845 1488 1010 1532 Fuerat
1043 1489 1215 1546 alioqui
1248 1489 1361 1532 mihi
1395 1505 1496 1533 cum
1525 1499 1547 1532 3

62 1550 274 1595 Helvidio
315 1551 532 1607 amicitia,
572 1555 741 1608 quanta
780 1554 991 1608 potuerat
1030 1566 1125 1595 esse
1166 1567 1268 1596 cum
1307 1567 1380 1608 eo,
1420 1552 1499 1609 qui

62 1616 187 1657 metu
234 1615 490 1671 temporum
528 1629 695 1658 nomen
740 1615 898 1673 ingens
938 1629 1157 1671 paresque
1199 1615 1390 1658 virtutes
1434 1630 1498 1658 se-

63 1690 191 1721 cessu
239 1677 439 1736 tegebat,
484 1677 633 1721 fuerat
676 1692 778 1721 cum
821 1676 954 1720 Arria
996 1679 1041 1720 et
1082 1675 1272 1734 Fannia,
1307 1692 1496 1735 quarum

0 1752 36 1780 25
63 1739 205 1783 altera
249 1738 432 1783 Helvidi
477 1755 690 1796 noverca,
735 1740 876 1783 altera
921 1741 1064 1782 mater
1108 1755 1338 1784 novercae.
1411 1738 1498 1784 Sed

60 1816 155 1845 non
187 1802 252 1845 ita
284 1817 356 1846 me
389 1803 487 1846 iura
519 1803 695 1859 privata
728 1805 779 1845 ut
811 1802 1046 1859 publicum
1078 1801 1146 1846 fas
1174 1804 1219 1846 et
1251 1802 1496 1862 indignitas

62 1864 172 1908 facti
217 1866 262 1908 et
307 1865 501 1922 exempli
546 1866 662 1908 ratio
709 1864 937 1908 incitabat.
1003 1864 1071 1908 Ac
1113 1865 1272 1935 primis
1317 1865 1497 1922 quidem
1524 1876 1547 1908 4

62 1927 219 1971 diebus
251 1926 450 1971 redditae
482 1927 703 1971 libertatis
736 1942 818 1984 pro
853 1943 899 1971 se
927 1927 1118 1985 quisque
1144 1928 1351 1972 inimicos
1381 1943 1498 1984 suos,

63 1990 300 2034 dumtaxat
337 1990 552 2046 minores,
593 1990 824 2034 incondito
867 1989 1138 2048 turbidoque
1182 1991 1377 2034 clamore
1420 2006 1497 2047 po-

0 2055 38 2109 jo
63 2053 309 2097 stulaverat
355 2053 491 2096 simul
537 2055 581 2096 et
627 2055 921 2110 oppresserat.
1006 2052 1106 2112 Ego
1153 2056 1198 2097 et
1249 2054 1496 2097 modestius

64 2118 110 2159 et
160 2116 441 2160 constantius
495 2115 738 2159 arbitratus
791 2115 1167 2159 immanissimum
1220 2131 1346 2159 reum
1405 2131 1498 2159 non

64 2178 293 2223 communi
330 2181 587 2235 temporum
628 2178 816 2235 invidia,
854 2178 932 2222 sed
971 2179 1156 2236 proprio
1198 2179 1385 2222 crimine
1426 2194 1498 2221 ur-

0 2254 7 2301 }
65 2256 187 2300 gere,
231 2256 334 2285 cum
377 2241 464 2284 iam
507 2241 615 2284 satis
658 2241 830 2298 primus
874 2241 950 2284 ille
993 2241 1188 2299 impetus
1236 2241 1498 2284 deservisset

167 2342 187 2375 7
215 2340 264 2385 cf.
286 2339 340 2376 ad
365 2352 405 2386 p.
429 2342 514 2383 120,
539 2342 572 2375 1.
690 2341 737 2375 29
767 2338 1066 2386 postulaverant
1097 2351 1126 2375 s.
1151 2341 1190 2375 et
1220 2340 1499 2385 oppresserant

0 2391 2 2394 ’
66 2390 127 2435 Μ,
150 2390 286 2427 Muell.
389 2393 436 2426 33
457 2389 526 2425 ille
545 2389 697 2436 primus
711 2389 752 2426 1)
758 2401 873 2436 pra,
889 2390 1010 2427 Merr.
1034 2411 1074 2415 —
1089 2389 1321 2425 deservisset
1334 2389 1376 2425 D
1383 2400 1499 2436 pra,

0 2449 7 2466 ²
65 2439 480 2536 gambdffirvlubissgt),
509 2440 660 2484 Muell„
689 2438 951 2476 deferbuisset
978 2448 1012 2484 ς,
1041 2438 1315 2475 defremuisset
1343 2440 1403 2484 Μ,
1430 2439 1477 2476 K
1477 2468 1496 2480 .,

196 2519 204 2525 .
371 2519 383 2536 ,
437 2519 444 2526 .
