1716 2742
177 141 268 186 298
623 139 661 178 O.
689 138 829 176 PLINI
854 139 920 176 ΕΤ
947 139 1162 178 TRAIANI

177 255 434 299 consultum
467 254 695 312 pertinens
729 254 784 299 ad
818 255 971 300 eadem
1005 271 1172 315 genera
1197 271 1450 316 causarum,
1484 258 1606 316 quod

177 316 231 361 de
263 317 319 362 iis
353 320 529 362 tantum
561 317 807 375 provinciis
845 318 1068 378 loquitur,
1111 319 1275 378 quibus
1314 321 1605 379 proconsules

127 388 131 391 “
175 383 410 438 praesunt3
449 380 639 438 ideoque
671 396 767 425 rem
807 380 1030 440 integram
1070 381 1246 439 distuli,
1285 383 1393 430 dum
1425 387 1489 439 tu,
1530 384 1606 429 do-

176 443 314 500 mine,
346 443 644 502 praeceperis,
677 443 785 502 quid
819 444 1057 490 observare
1089 460 1160 490 me
1193 445 1316 491 velis.

643 597 832 639 LXXIII.
869 595 1138 654 [LXXVIII]
1633 611 1649 639 5

656 650 910 724 TRAIANUS
937 689 1128 724 PLINIO.

267 768 316 813 Si
355 769 467 814 mihi
507 772 686 815 senatus
721 772 978 816 consultum
1018 772 1210 831 miseris,
1252 773 1374 831 quod
1415 773 1605 818 haesita-

171 832 341 876 tionem
374 832 459 877 tibi
491 833 617 891 fecit,
656 834 920 892 aestimabo,
961 851 1018 879 an
1052 835 1212 880 debeas
1247 851 1517 895 cognoscere
1549 837 1604 881 de

172 896 467 955 agnoscendis
500 895 653 941 liberis
688 899 733 941 et
764 897 991 942 natalibus
1026 898 1118 943 suis
1151 899 1452 946 restituendis.

697 1049 884 1092 Lxxrv.
928 1050 1076 1106 [xvi]
1631 1064 1667 1091 10

446 1140 490 1177 C.
511 1139 718 1176 PLINIUS
746 1141 971 1177 TRAIANO
999 1142 1332 1177 IMPERATORI.

264 1221 536 1282 Appuleius,
578 1224 777 1281 domine,
815 1224 965 1282 miles,
1005 1224 1083 1282 qui
1116 1227 1185 1269 est
1216 1224 1264 1269 in
1297 1225 1491 1270 statione
1522 1224 1603 1271 Ni-

171 1287 446 1336 comedensi.
479 1287 659 1345 scripsit
685 1287 798 1331 mihi
820 1287 1043 1345 quendam
1063 1287 1245 1332 nomine
1268 1286 1604 1360 Callidromum,

171 1364 273 1394 cum
307 1349 581 1394 detineretur
613 1366 639 1394 a
659 1349 857 1394 Maximo
892 1352 938 1394 et
957 1349 1178 1409 Dionysio
1206 1350 1473 1409 pistoribus,
1507 1351 1604 1410 qui-

169 1411 253 1456 bus
282 1428 439 1471 operas
469 1428 570 1458 suas
597 1414 843 1471 locaverat,
876 1413 1134 1473 confugisse
1167 1414 1223 1457 ad
1249 1416 1373 1458 tuam
1407 1416 1603 1459 statuam
1629 1427 1666 1455 15

170 1475 526 1534 perductumque
572 1477 627 1522 ad
675 1475 965 1535 magistratus
1016 1475 1236 1521 indicasse
1288 1476 1479 1522 servisse
1524 1478 1603 1522 ali-

171 1538 350 1596 quando
403 1538 594 1583 Laberio
646 1538 847 1583 Maximo
907 1541 1178 1610 captumque
1237 1555 1263 1583 a
1321 1538 1495 1599 Susago
1555 1541 1603 1584 in

169 1599 341 1646 Moesia
374 1604 418 1646 et
451 1618 477 1646 a
503 1601 719 1647 Decibalo
747 1602 923 1646 muneri
954 1602 1142 1646 missum
1169 1601 1359 1660 Pacoro,
1392 1602 1603 1648 Parthiae

169 1664 1602 1789 {efflasaasamas:sams
1628 1742 1666 1770 ,ο

169 1789 435 1847 perductum
463 1791 519 1835 ad
545 1806 636 1848 me,
669 1806 772 1836 cum
799 1790 952 1835 eadem
978 1793 1220 1849 narrasset,
1248 1790 1519 1837 mittendum
1546 1791 1603 1836 ad

169 1854 214 1896 te
247 1853 421 1911 putavi3
455 1854 576 1912 quod
609 1854 745 1912 paulo
779 1854 951 1898 tardius
985 1854 1089 1912 feci,
1126 1854 1233 1898 dum
1265 1854 1446 1913 requiro
1479 1869 1602 1914 gem-

170 1930 311 1973 mam,
359 1932 493 1974 quam
539 1917 626 1962 sibi
673 1943 731 1948 —
778 1916 1018 1961 habentem
1064 1916 1307 1976 imaginem
1351 1916 1512 1962 Pacori
1557 1920 1602 1962 et

171 1977 332 2035 quibus
367 1982 550 2024 ornatus
584 1979 746 2024 fuisset
772 2005 833 2011 ——
860 1979 1136 2024 subtractam
1174 1979 1412 2025 indicabat
1461 1980 1601 2025 Volui

170 2040 289 2104 enim
316 2042 432 2086 hanc
460 2057 656 2101 quoque,
692 2043 730 2087 si
756 2042 949 2087 inveniri
975 2043 1216 2100 potuisset,
1250 2042 1384 2087 simul
1410 2043 1600 2101 mittere,
1627 2056 1664 2085 2⁶

171 2091 287 2148 sicut
320 2104 548 2163 glebulam
581 2105 702 2163 misi,
737 2120 872 2162 quam
906 2120 952 2150 se
987 2121 1043 2150 ex
1075 2104 1285 2150 Parthico
1319 2106 1503 2151 metallo
1537 2109 1601 2151 at-

169 2166 327 2210 tulisse
380 2167 566 2211 dicebat.
633 2167 822 2227 Signata
874 2171 942 2213 est
994 2169 1129 2213 anulo
1181 2184 1301 2226 meo,
1354 2169 1481 2214 cuius
1534 2171 1601 2214 est

170 2229 542 2288 aposphragisma
576 2231 804 2290 quadriga.

271 2393 292 2426 3
319 2390 365 2426 tu
391 2390 479 2427 add.
503 2390 585 2428 Cat.
740 2394 761 2427 9
790 2391 871 2428 suis
899 2404 936 2437 a,
964 2391 1016 2428 K.
1032 2392 1092 2438 11,
1119 2391 1262 2438 Hard.,
1287 2391 1389 2429 veris
1416 2391 1467 2437 A,
1495 2392 1547 2429 K.
1563 2393 1599 2438 1,

171 2440 307 2478 Muell.
405 2444 451 2477 16
474 2440 636 2477 servisse
658 2439 760 2489 <se>
783 2442 920 2479 Muell.
1025 2445 1071 2477 23
1094 2443 1134 2478 et
1154 2440 1297 2488 quibus
1313 2440 1598 2530 (1113181111)υεί

170 2502 251 2528 orn.
276 2490 372 2536 Cat„
398 2491 438 2527 et
465 2490 575 2527 cuius
604 2502 686 2529 orn.
711 2491 788 2536 Or„
815 2502 906 2528 cum
933 2490 1022 2528 aliis
1051 2490 1194 2538 quibus
1222 2502 1303 2529 orn.
1327 2491 1519 2539 Mammas„
1547 2503 1571 2529 a

168 2540 231 2587 iis,
260 2539 403 2587 quibus
428 2539 580 2577 locatus
606 2539 627 2577 ,9
655 2541 791 2578 Muell.
819 2552 928 2579 cruce
953 2541 1101 2579 addita.
