1716 2742
189 141 282 186 280
637 138 676 176 G.
697 137 835 175 PLINI
861 138 926 175 ET
954 138 1168 176 TRAIANI

694 257 886 297 XXXIV.
921 254 1109 309 [XLIII]

666 345 921 380 TRAIANUS
948 346 1139 381 PLINIO.

140 430 159 462 1
282 416 384 461 Tibi
437 416 619 474 quidem
671 416 916 461 secundum
969 417 1173 474 exempla
1224 417 1525 475 complurium
1570 418 1618 462 in

190 483 384 524 mentem
425 479 550 523 venit
591 494 724 536 posse
766 478 1010 537 collegium
1051 479 1284 524 fabrorum
1326 480 1446 538 apud
1481 479 1618 525 Nico-

188 542 418 586 medenses
440 541 666 586 constitui.
720 540 807 586 Sed
828 541 1163 586 meminerimus
1183 541 1464 599 provinciam
1483 542 1617 587 istam

188 608 232 649 et
264 604 504 662 praecipue
537 620 636 648 eam
669 605 898 649 civitatem
931 604 1026 648 eius
1060 604 1183 648 modi
1214 604 1489 650 factionibus
1521 620 1618 657 esse

188 669 405 711 vexatam.
481 666 805 724 Quodcumque
846 682 1014 711 nomen
1062 683 1117 711 ex
1159 682 1443 725 quacumque
1484 664 1620 712 ca‘usa

189 729 441 774 dederimus
474 729 549 787 iis,
590 730 669 787 qui
701 730 750 773 in
782 729 900 773 idem
940 729 1160 774 contracti
1193 730 1381 788 fuerint,
1417 731 1620 787 nefariae

137 804 158 835 2
185 793 436 838 sodalitates
467 792 781 850 hetaeriaeque
820 792 948 836 brevi
986 792 1109 836 fient.
1175 791 1326 837 Satius
1365 793 1518 850 itaque
1551 795 1620 838 est

187 855 438 913 comparari
477 870 546 911 ea,
590 870 703 912 quae
743 854 798 898 ad
838 855 1108 900 coercendos
1146 855 1274 914 ignes
1314 855 1482 900 auxilio
1523 871 1619 900 esse

188 918 387 975 possint,
429 917 749 975 admonerique
783 917 990 962 dominos
1023 918 1330 976 praediorum,
1370 921 1422 962 ut
1454 921 1500 963 et
1531 918 1619 976 ipsi

187 980 438 1038 inhibeant,
483 995 555 1038 ac,
600 981 639 1025 si
683 995 753 1025 res
799 981 1077 1038 poposcerit,
1121 981 1313 1026 adcursu
1357 980 1518 1039 populi
1563 980 1619 1025 ad

186 1044 273 1088 hoc
305 1043 385 1087 uti.

707 1110 874 1150 XXXV.
910 1107 1096 1162 [XLIV]

422 1189 429 1196 ⁰
463 1198 505 1233 C.
525 1198 732 1233 PLINIUS
761 1198 985 1233 TRAIANO
1012 1198 1346 1234 IMPERATORI.

282 1267 529 1314 Sollemnia
559 1271 667 1313 vota
702 1284 785 1327 pro
821 1268 1133 1313 incolumitate
1171 1271 1269 1326 tua,
1312 1284 1402 1327 qua
1436 1268 1620 1327 publica

188 1331 308 1377 salus
336 1331 614 1389 continetur,
642 1334 687 1376 et
714 1331 1013 1389 suscepimus,
1041 1331 1241 1389 domine,
1266 1331 1436 1390 pariter
1461 1334 1507 1376 et
1534 1332 1620 1376 sol-

186 1395 333 1439 vimus
366 1394 540 1453 precati
572 1394 699 1452 deos,
731 1397 783 1438 ut
815 1395 959 1438 velint
991 1409 1043 1438 ea
1070 1409 1245 1452 semper
1278 1394 1394 1439 solvi
1427 1409 1620 1452 semper-

187 1473 273 1515 que
307 1473 489 1516 signari.

707 1523 896 1563 XXXVI.
933 1521 1097 1577 [XLV]

664 1612 921 1647 TRAIANUS
948 1612 1141 1647 PLINIO.

280 1682 342 1727 Et
381 1682 569 1727 solvisse
609 1697 688 1727 vos
729 1698 832 1727 cum
870 1682 1224 1741 provincialibus
1265 1681 1333 1727 dis
1373 1681 1620 1727 inmortali-

188 1746 269 1790 bus
302 1748 410 1790 Vota
441 1761 523 1804 pro
557 1761 656 1790 mea
689 1746 832 1790 salute
858 1748 904 1790 et
929 1745 1240 1790 incolumitate
1267 1747 1313 1789 et
1336 1760 1620 1804 nuncupasse

186 1808 395 1866 libenter,
422 1809 484 1852 mi
513 1807 715 1853 Secunde
743 1808 991 1866 carissime,
1024 1807 1218 1867 cognovi
1245 1823 1300 1852 ex
1325 1807 1488 1853 litteris
1515 1808 1618 1853 tuis.

689 1925 900 1965 XXXVII.
938 1919 1123 1979 [XLVI]

407 2022 410 2028 ·
460 2013 503 2048 Ο.
524 2013 731 2048 PLINIUS
759 2013 984 2048 TRAIANO
1011 2012 1346 2049 IMPERATORI.

140 2095 159 2127 1
282 2083 334 2127 In
376 2099 517 2141 aquae
561 2084 766 2140 ductum,
815 2083 1013 2142 domine,
1054 2082 1405 2128 Nicomedenses
1448 2082 1618 2142 impen-

188 2145 350 2190 derunt
395 2145 485 2190 HS.
537 2144 661 2206 iXxxl
711 2145 947 2204 OEUXXIX,
1003 2146 1083 2204 qui
1134 2145 1425 2204 imperfectus
1470 2145 1617 2190 adhuc

1645 875 1682 902 10

1646 1211 1682 1241 15

1645 1549 1716 1578 20·

188 2209 371 2253 reIIctus
423 2211 467 2252 et
519 2209 772 2254 destructus
832 2209 967 2253 etiam
1020 2211 1107 2266 est3
1165 2224 1320 2254 rursus
1378 2209 1427 2252 in
1478 2208 1618 2252 alium
1699 2250 1701 2255 ⁴

290 2323 311 2355 6
340 2330 406 2355 eas
434 2319 615 2356 civitates
637 2347 645 2355 .
669 2348 677 2356 .
700 2349 707 2356 .
732 2349 739 2356 .
760 2321 922 2356 vexatas
943 2332 979 2365 a,
1009 2320 1062 2356 K.
1077 2320 1113 2365 1,
1135 2319 1264 2357 Hard.
1367 2318 1416 2356 8*
1435 2319 1617 2356 lacunam

189 2382 213 2407 a
240 2370 292 2406 K.
320 2370 535 2406 indicatam
561 2370 710 2416 explere
743 2371 907 2407 tentavi:
938 2369 1141 2406 hetaeriae
1169 2380 1271 2416 quae
1304 2368 1441 2406 breves
1468 2368 1495 2405 f.
1522 2370 1615 2415 Ba,

188 2420 225 2456 h.
248 2419 426 2465 quamvis
452 2418 589 2456 breves
615 2418 642 2455 f.
666 2419 763 2465 Cat„
797 2417 967 2466 ἑταιρίαι
993 2418 1220 2466 {vatemque
1247 2418 1358 2456 brevi
1383 2419 1411 2456 f.
1436 2418 1515 2465 Or„
1546 2419 1617 2456 he-

188 2469 336 2506 taeriae
363 2480 488 2515 aeque
513 2469 623 2506 brevi
651 2469 678 2505 f.
700 2470 901 2517 Liyhtfoot
923 2470 1030 2516 prob.
1053 2470 1183 2507 Hard.
1211 2473 1247 2507 et
1273 2469 1397 2507 Merr.
1501 2473 1547 2506 29
1576 2470 1617 2506 et

189 2520 307 2557 destr.
329 2519 450 2556 etiam
474 2520 525 2565 B,
545 2519 688 2565 Hard„
707 2530 754 2556 ac
769 2519 888 2556 etiam
904 2519 1023 2556 destr.
1038 2531 1076 2565 a,
1104 2520 1224 2566 atque
1239 2518 1359 2556 etiam
1381 2519 1499 2558 destr.
1514 2519 1615 2568 vuly.
1688 2550 1689 2554 ,
