1716 2742
247 139 338 186 368
855 136 894 174 C.
922 136 1059 173 PLINI

246 255 462 311 perpetua
487 251 682 310 principi
708 252 848 310 fama,
881 266 994 309 quae
1027 251 1221 296 invitum
1249 253 1418 310 manet,
1452 250 1528 296 sed
1554 250 1674 296 bona

247 315 603 373 concupiscenda
636 317 721 373 est;
755 331 806 359 ea
832 330 967 373 porro
995 329 1087 359 non
1114 314 1388 374 imaginibus
1422 316 1467 359 et
1499 314 1673 372 statuis,

173 390 216 424 11
246 378 322 423 sed
355 378 520 422 virtute
554 393 606 423 ac
639 378 809 422 meritis
836 380 1117 437 prorogatur.
1185 376 1305 430 Quin
1336 377 1471 422 etiam
1503 376 1674 422 leviora

244 442 374 498 haec,
405 441 599 485 formam
626 441 843 499 principis
871 441 1173 500 figuramque,
1205 455 1299 484 non
1325 456 1484 485 aurum
1511 440 1671 497 melius

244 505 317 549 vel
337 506 573 564 argentum
597 519 730 561 quam
758 504 886 549 favor
911 503 1145 548 hominum
1174 502 1397 562 exprimat
1421 505 1672 561 teneatque.

246 566 375 620 Quod
409 567 588 625 quidem
615 566 788 625 prolixe
815 567 900 611 tibi
927 567 1241 624 cumulataeque
1268 565 1512 626 contingit,
1546 566 1672 611 cuius

243 629 488 674 laetissima
519 630 657 675 facies
691 633 736 675 et
768 630 973 674 amabilis
1006 629 1158 674 vultus
1192 629 1240 673 in
1273 629 1472 674 omnium
1507 629 1671 674 civium

246 709 338 751 ore,
374 693 538 751 oculiS‚
571 693 721 738 animo
756 693 889 738 sedet.

168 753 229 802 56
337 755 589 801 Adnotasse
616 771 695 800 vos
724 756 875 813 credo,
908 758 1056 814 patres
1085 753 1346 813 conscripti,
1379 754 1470 799 iam
1503 754 1671 800 dudum

244 835 315 863 me
347 835 439 864 non
472 818 656 878 eligere,
695 834 809 877 quae
848 819 1050 863 referam.
1115 817 1406 876 Propositum
1446 820 1515 863 est
1553 818 1673 863 enim

244 881 355 926 mihi
382 882 631 940 principem
658 882 856 939 laudare,
890 897 982 927 non
1008 881 1226 940 principis
1253 880 1383 926 facta.
1435 879 1561 926 'Nam-
1579 881 1675 926 lau-

244 945 411 989 dabilia
437 946 580 990 multa
607 945 742 989 etiam
764 944 871 989 mali
898 944 1092 1002 faciunt,
1124 944 1219 1002 ipse
1245 944 1420 988 laudari
1445 943 1534 989 nisi
1561 943 1675 1002 opti-

244 1022 344 1052 mus
377 1023 469 1052 non
502 1010 663 1066 potest.
729 1006 875 1061 Quare
901 1023 994 1052 non
1021 1007 1109 1052 alia
1135 1007 1298 1065 maior,
1330 1007 1574 1065 imperator
1601 1022 1676 1052 au-

245 1074 393 1131 guste,
437 1071 581 1130 gloria
623 1073 721 1129 tua,
763 1087 897 1129 quam
942 1071 1062 1129 quod
1105 1070 1342 1130 agentibus
1383 1069 1468 1114 tibi
1506 1070 1674 1129 gratias

195 1147 215 1179 2
243 1134 358 1178 nihil
384 1134 622 1178 velandum
650 1137 735 1192 est,
769 1134 885 1179 nihil
912 1134 1220 1179 omittendum.
1268 1132 1446 1192 Ecquid
1466 1135 1535 1179 est
1554 1133 1674 1178 enim

243 1197 291 1241 in
310 1196 568 1256 principatu
588 1199 688 1255 tuo,
717 1197 837 1255 quod
858 1197 1124 1255 cuiusquam
1146 1196 1420 1255 praedicatio
1441 1195 1514 1241 vel
1532 1199 1675 1241 trans-

244 1260 366 1305 silire
398 1261 472 1304 vel
504 1260 787 1318 praetervehi
821 1260 1009 1305 debeat?
1056 1259 1186 1313 Quod
1219 1262 1519 1318 momentum,
1553 1259 1674 1318 quod

243 1323 382 1368 immo
416 1324 632 1382 temporis
671 1326 890 1381 punctum
931 1325 1010 1367 aut
1048 1323 1267 1367 beneficio
1301 1322 1453 1367 sterile
1492 1325 1571 1367 aut
1601 1338 1675 1367 va-

244 1402 378 1431 cuum
412 1386 575 1431 laude?
633 1386 739 1431 Non
774 1386 924 1431 omnia
963 1387 1058 1431 eius
1085 1385 1228 1444 modi,
1271 1388 1323 1430 ut
1354 1385 1392 1431 is
1427 1385 1597 1444 optime
1630 1388 1675 1430 te

242 1449 448 1494 laudasse
481 1449 704 1507 videatur,
748 1449 826 1508 qui
858 1449 1107 1494 narraverit
1138 1448 1428 1494 fidelissime?
1476 1447 1575 1502 Quo
1610 1448 1675 1506 fit,

243 1515 295 1557 ut
326 1528 468 1570 prope
501 1512 549 1557 in
581 1513 851 1557 immensum
879 1512 1156 1557 diffundatur
1183 1511 1326 1557 oratio
1355 1526 1472 1569 mea,
1505 1514 1549 1556 et
1574 1526 1675 1557 nec—

194 1587 215 1619 3
244 1576 350 1620 dum
386 1575 439 1620 de
472 1575 654 1620 biennio
687 1576 862 1633 loquor.
929 1575 1071 1629 Quam
1101 1575 1245 1620 multa
1275 1574 1368 1619 dixi
1395 1574 1448 1619 de
1475 1574 1675 1619 modera-

243 1639 384 1696 tione,
426 1641 471 1683 et
504 1642 673 1697 quanto
707 1640 837 1697 plura
877 1639 1023 1684 adhuc
1055 1638 1245 1683 restant!
1284 1640 1337 1682 ut
1378 1637 1509 1696 illud,
1553 1638 1674 1696 quod

246 1701 492 1746 secundum
520 1702 803 1747 consulatum
832 1701 1062 1760 recepisti,
1101 1701 1208 1760 quia
1234 1701 1443 1759 princeps
1471 1703 1516 1746 et
1547 1702 1675 1759 pater

244 1764 482 1810 deferebat.
549 1763 629 1823 At,
662 1768 902 1823 postquam
925 1765 979 1809 ad
1001 1767 1046 1810 te
1067 1765 1243 1823 imperii
1264 1779 1487 1809 summam
1508 1766 1553 1808 et
1572 1779 1676 1809 cum

243 1828 445 1873 omnium
478 1843 628 1872 rerum
661 1832 758 1873 tum
793 1828 928 1873 etiam
962 1827 1029 1872 tui
1055 1830 1326 1886 potestatem
1359 1827 1405 1871 di
1437 1827 1676 1872 transtule-

242 1894 366 1948 runt,
400 1891 582 1935 tertium
610 1892 896 1936 consulatum
923 1891 1159 1949 recusasti,
1192 1906 1294 1936 cum
1323 1905 1454 1950 agere
1479 1892 1572 1934 tam
1598 1890 1677 1935 bo-

193 1966 222 2015 4>
245 1970 352 1998 num
388 1955 618 2010 consulem
652 1969 819 2013 posses.
884 1954 1100 2014 Magnum
1134 1957 1202 1998 est
1234 1953 1412 1998 differre
1443 1952 1675 2011 honorem,

244 2017 434 2077 gloriam
470 2017 625 2063 maius.
693 2017 877 2063 Gestum
905 2017 1189 2063 consulatum
1229 2017 1365 2061 mirer
1396 2032 1455 2061 an
1486 2032 1579 2062 non
1610 2032 1676 2061 re-

243 2080 454 2139 ceptum?
489 2083 665 2140 gestum
699 2096 791 2125 non
823 2080 872 2125 in
902 2081 990 2125 hoc
1022 2080 1145 2126 urbis
1174 2080 1267 2125 otio
1302 2082 1347 2124 et
1378 2079 1539 2124 intimo
1573 2078 1675 2124 sinu

244 2143 385 2202 pacis,
413 2143 490 2187 sed
510 2143 636 2188 iuxta
657 2143 868 2188 barbaras
890 2146 1063 2204 gentes,
1097 2146 1148 2188 ut
1168 2143 1237 2187 illi
1257 2142 1481 2201 solebant,
1514 2142 1676 2201 quibus

244 2209 339 2251 erat
370 2207 508 2251 moris
542 2206 860 2264 paludamento
895 2209 1067 2251 mutare
1094 2208 1373 2265 praetextam
1407 2205 1676 2265 ignotasque

195 2282 215 2315 5
243 2272 382 2314 terras
404 2270 594 2314 victoria
615 2270 753 2328 sequi.
807 2270 1053 2315 Pulchrum
1074 2269 1284 2327 imperio,
1310 2269 1558 2328 gloriosum
1579 2268 1677 2327 tibi,

244 2347 345 2376 cum
379 2335 423 2376 te
452 2333 562 2377 socii
595 2336 729 2390 atque
763 2333 896 2378 amici
924 2349 1004 2378 sua
1031 2333 1078 2377 in
1104 2332 1269 2391 patria,
1303 2331 1395 2377 suis
1421 2331 1469 2375 in
1495 2331 1676 2376 sedibus

346 2434 364 2466 1
388 2430 515 2467 invita
535 2442 622 2468 eum
647 2432 789 2469 Baehr.
895 2434 939 2468 15
963 2431 1224 2468 omittendum
1245 2432 1305 2468 est
1325 2429 1420 2477 quid
1443 2430 1475 2468 0
1487 2431 1553 2467 Μ’
1570 2430 1676 2477 VW,

245 2492 314 2517 om.
343 2482 402 2517 est
437 2481 542 2517 BB‘
557 2482 598 2527 Ο,
640 2482 911 2519 omittendum.
954 2482 1105 2528 Ecquid
1145 2482 1290 2526 Livin„
1331 2481 1485 2525 Baehr„
1525 2480 1676 2526 Muell„

246 2530 506 2567 omittendum
535 2533 604 2569 est.
647 2531 751 2576 Quid
777 2533 878 2580 vuly.
