1716 2742
9 810 47 838 1⁰

10 1125 46 1153 15

455 111 815 152 PANEGYRIGUS
844 118 902 159 15,
917 124 935 151 4
949 136 996 141 «-
1013 117 1071 159 19,
1085 124 1114 150 2.
1403 114 1495 160 335

0 244 13 250 ‘
71 246 231 292 regum
263 230 431 276 catenis
464 229 745 288 triumphum
771 245 973 289 gravem,
1005 229 1160 282 videor
1185 228 1386 289 ingentia
1418 227 1495 272 du-
1523 239 1544 272 2

73 309 176 340 cum
205 293 392 339 nomina
419 308 502 338 nec
527 293 738 338 indecora
762 292 1020 337 nominibus
1047 307 1237 350 corpora
1260 291 1497 349 noscitare,

71 357 228 402 videor
258 355 420 400 intueri
455 355 726 401 immanibus
760 356 879 400 ausis
906 355 1197 400 barbarorum
1225 356 1387 399 onusta
1411 354 1496 398 fer-

72 419 175 466 cula
205 421 252 464 et
284 433 366 463 sua
398 433 621 476 quemque
653 419 772 463 facta
799 418 959 463 vinctis
989 418 1195 463 manibus
1223 419 1497 476 sequentem,

71 497 180 528 mox
197 481 348 540 ipsum
373 483 418 525 te
444 481 681 525 sublimem
708 482 1040 539 instantemque
1067 496 1199 526 curru
1226 479 1496 525 domitarum

71 545 276 606 gentium
306 547 455 603 tergo,
494 546 596 588 ante
629 559 809 588 currum
843 546 991 588 autem
1027 544 1216 602 clipeos,
1254 558 1368 601 quos
1400 542 1497 601 ipse

70 607 329 667 perfoderis.
394 605 492 652 Nec
530 606 614 650 tibi
655 607 806 664 opima
844 606 1091 664 defuerint,
1134 607 1173 651 si
1206 607 1307 664 quis
1339 621 1497 665 regum
1524 616 1546 649 3

70 670 223 716 venire
249 670 297 715 in
322 685 480 714 manus
508 669 670 713 audeat
694 684 777 714 nec
806 670 938 714 modo
967 670 1158 714 telorum
1185 671 1387 724 tuorum,
1420 667 1496 712 sed

72 734 308 780 oculorum
354 732 489 777 etiam
537 732 847 789 minarumque
894 732 1147 776 coniectum
1191 734 1290 776 toto
1337 746 1496 789 campo

71 799 260 855 totoque
279 795 477 840 exercitu
491 795 700 853 opposito
715 795 1035 852 perhorrescat.
1069 795 1273 839 Meruisti
1293 794 1499 852 proxima
1524 804 1547 837 4

70 858 396 915 moderatione,
426 861 497 915 ut,
530 858 905 916 quandocumque
937 861 982 902 te
1008 858 1080 902 vel
1105 857 1269 902 inferre
1295 857 1367 901 vel
1393 872 1498 914 pro-

69 922 250 981 pulsare
268 922 438 967 bellum
458 921 658 980 coegerit
677 920 854 978 imperii
874 920 1084 980 dignitas,
1112 936 1204 965 non
1224 919 1324 965 ideo
1338 919 1498 964 vicisse

69 985 282 1043 videaris,
312 987 364 1030 ut
395 984 717 1042 triumphares,
751 983 828 1027 sed
859 983 1156 1041 triumphare,
1190 983 1296 1041 quia
1327 981 1498 1027 viceris.

162 1046 302 1093 Aliud
335 1063 390 1092 ex
423 1047 511 1091 alio
545 1046 658 1091 niihi
691 1046 897 1091 occurrit.
964 1045 1107 1099 Quam
1144 1046 1398 1104 speciosum
1431 1047 1499 1089 est
1511 1040 1574 1090 18

71 1111 212 1168 enim,
255 1111 378 1169 quod
410 1109 696 1168 disciplinam
738 1111 987 1154 castrorum
1018 1109 1212 1167 lapsam,
1254 1109 1498 1153 extinctam

68 1174 274 1222 refovisti
306 1173 493 1232 depulso
533 1173 697 1231 prioris
738 1172 905 1217 saeculi
944 1172 1076 1229 malo,
1115 1172 1278 1216 inertia
1310 1174 1355 1216 et
1394 1185 1498 1216 con-

68 1237 266 1283 tumacia
303 1239 349 1281 et
387 1235 705 1295 dedignatione
745 1235 950 1293 parendi!
997 1234 1164 1279 Tutum
1198 1237 1266 1278 est
1297 1249 1498 1278 reveren·
1524 1244 1545 1276 2

68 1300 198 1357 tiam,
242 1301 393 1344 tutum
433 1299 665 1344 caritatem
709 1298 888 1356 mereri,
935 1312 1016 1342 nec
1056 1298 1219 1342 ducum
1260 1297 1499 1355 quisquam

69 1365 148 1408 aut
185 1378 279 1408 non
322 1362 464 1406 amari
503 1378 530 1406 a
561 1361 781 1406 militibus
828 1364 906 1404 aut
945 1361 1086 1404 amari
1124 1360 1271 1417 timet,
1318 1363 1362 1404 et
1394 1359 1498 1404 inde

70 1427 266 1483 offensae
299 1425 467 1484 pariter
498 1425 758 1484 gratiaeque
792 1423 937 1468 securi
963 1423 1134 1467 instant
1162 1423 1391 1481 operibus,
1424 1422 1498 1466 ad-

69 1491 175 1535 sunt
188 1487 595 1545 exercitationibus,
625 1503 759 1542 arma,
780 1487 968 1543 moenia,
990 1487 1110 1530 viros
1126 1488 1292 1543 aptant.
1322 1485 1499 1543 Quippe
1526 1496 1547 1529 3

67 1567 160 1597 non
192 1553 231 1597 is
263 1551 494 1610 princeps,
527 1550 604 1608 qui
638 1550 726 1594 sibi
758 1549 995 1607 inminere,
1034 1549 1119 1593 sibi
1154 1547 1325 1593 intendi
1358 1550 1498 1606 putet,

69 1614 191 1673 quod
231 1615 281 1660 in
321 1613 475 1659 hostes
515 1616 716 1672 paretur3
760 1628 874 1670 quae
913 1612 1144 1670 persuasio
1177 1611 1265 1655 fuit
1303 1611 1500 1668 illorum,

70 1678 171 1736 qui,
201 1677 386 1723 hostilia
419 1692 521 1722 cum
555 1677 771 1733 facerent,
804 1675 1034 1719 timebant.
1092 1673 1234 1719 Iidem
1268 1689 1375 1733 ergo
1408 1676 1498 1718 tor-

67 1757 174 1800 pere
205 1740 419 1785 militaria
451 1739 600 1784 studia
631 1754 714 1783 nec
747 1739 919 1782 animos
947 1737 1103 1795 modo,
1136 1737 1212 1781 sed
1240 1739 1284 1781 et
1310 1751 1499 1794 corpora

66 1805 167 1862 ipsa
190 1804 499 1863 languescere,
532 1802 707 1862 gladios
742 1802 877 1845 etiam
910 1800 1084 1845 incuria
1115 1799 1317 1844 hebetari
1349 1802 1498 1844 retun-

67 1866 203 1925 dique
235 1866 501 1927 gaudebant.
560 1865 708 1909 Duces
742 1879 878 1922 porro
910 1863 1055 1907 nostri
1086 1878 1180 1907 non
1212 1865 1305 1907 tam
1339 1877 1497 1921 regum

67 1932 324 1975 exterorum
364 1944 499 1987 quam
539 1943 723 1972 suorum
762 1926 1019 1985 principum
1059 1925 1244 1970 insidias
1283 1940 1366 1969 nec
1404 1928 1497 1969 tam

66 1992 267 2038 hostium
295 2007 430 2050 quam
464 1991 826 2036 commilitonum
861 2005 1019 2033 manus
1047 1989 1304 2046 ferrumque
1332 1990 1498 2032 metue-

67 2056 190 2100 bant.
254 2055 339 2100 Est
380 2054 490 2099 haee
531 2056 693 2098 natura
735 2052 975 2109 sideribus,
1015 2054 1068 2096 ut
1105 2067 1243 2109 parva
1282 2054 1327 2095 et
1366 2051 1500 2095 exilia
1512 2047 1573 2096 19

66 2118 338 2164 validiorum
371 2120 553 2162 exortus
589 2116 815 2160 obscuret:
857 2115 1064 2159 similiter
1102 2113 1386 2172 imperatoris
1425 2113 1499 2158 ad-

66 2183 205 2226 ventu
230 2182 483 2240 legatorum
512 2179 706 2238 dignitas
734 2178 1029 2222 inumbratur.
1083 2177 1150 2221 Tu
1178 2180 1329 2221 tamen
1356 2176 1500 2221 maior
1525 2187 1547 2220 2

166 2307 191 2339 4
217 2303 302 2339 fata
328 2302 408 2339 cod.
429 2302 591 2338 Venetus
616 2300 835 2338 Schwarzii.
965 2303 987 2335 5
1015 2311 1130 2336 curru
1150 2299 1241 2336 inst.
1262 2299 1498 2345 Heumann„

66 2354 210 2391 Baehr.
314 2356 360 2389 15
381 2351 675 2397 extinctamque
694 2362 713 2387 e
733 2350 867 2387 deterr.
888 2351 996 2387 codd.
1018 2350 1083 2395 K„
1102 2351 1142 2386 et
1162 2350 1237 2386 ext.
1259 2350 1414 2395 Baehr„
1433 2349 1500 2387 sed

66 2404 152 2442 vide
178 2403 312 2440 Kraut
333 2414 374 2450 p.
396 2405 446 2438 44
464 2413 517 2448 sq.
621 2404 667 2437 19
696 2403 735 2437 et
760 2400 853 2437 inde
879 2400 993 2438 B'M
1004 2400 1052 2445 Ο,
1080 2399 1219 2436 exinde
1239 2400 1395 2445 Baehr„
1424 2399 1496 2448 [et]

66 2453 159 2490 inde
202 2453 255 2490 K.
276 2454 343 2499 II,
387 2452 547 2496 Burkh„
584 2451 699 2496 Suet„
742 2451 808 2488 sed
842 2463 875 2488 v.
904 2451 1129 2498 Bornecque
1156 2462 1196 2497 p.
1226 2452 1304 2487 209
1339 2454 1375 2487 et
1407 2452 1496 2487 233.

67 2507 115 2540 20
140 2503 374 2552 gratiaeque
399 2501 549 2550 pariter
575 2502 618 2548 0,
643 2501 664 2538 ,9
691 2502 923 2549 Bornecque.
