1716 2742
178 133 268 178 278
635 128 675 166 C.
697 128 834 165 PLINI
860 127 926 164 ET
953 127 1167 164 TRAIANI

178 245 369 303 capitale
397 243 670 302 supplicium
696 242 911 287 meruisse
943 242 1192 286 videantur.
1255 241 1413 286 Refert
1444 243 1609 298 autem,

178 306 421 352 voluntarii
454 320 500 350 se
534 304 780 350 obtulerint
820 321 878 348 an
918 305 1024 349 lecti
1057 304 1147 349 sint
1179 305 1252 348 vel
1284 304 1419 348 etiam
1451 303 1609 349 vicarii

129 383 149 414 2
179 370 282 414 dati.
346 369 474 412 Lecti
506 368 547 412 si
574 370 697 425 sunt,
731 367 966 424 inquisitio
1000 367 1223 425 peccavit3
1256 367 1294 410 si
1319 366 1477 411 vicarii
1503 365 1608 423 dati,

178 446 314 490 penes
335 446 411 475 eos
433 431 568 488 culpa
588 432 672 487 est,
707 430 786 487 qui
806 429 1043 487 dederunt3
1070 429 1109 473 si
1128 429 1236 487 ipsi,
1269 444 1372 473 011111
1390 428 1610 473 haberent

178 493 455 539 condicionis
483 508 589 538 suae
617 492 957 550 conscientiam,
983 494 1222 549 venerunt,
1255 491 1609 536 animadverten-

179 557 284 600 dum
316 556 364 599 in
398 555 501 600 illos
536 555 633 600 erit.
697 554 859 612 Neque
884 556 1004 599 enim
1031 555 1225 599 multum
1251 554 1454 611 interest,
1488 553 1610 611 quod

177 618 375 663 nondum
411 634 492 676 per
523 633 733 662 numeros
774 617 1005 662 distributi
1045 619 1162 662 sunt.
1226 615 1309 661 Ille
1349 617 1469 661 enim
1503 616 1610 673 dies,

179 696 267 739 quo
311 681 507 739 primum
552 681 731 738 probati
775 683 896 737 sunt,
943 679 1177 724 veritatem
1224 680 1278 723 ab
1325 679 1380 723 iis
1423 678 1610 738 originis

179 759 283 788 suae
320 743 480 802 exegit.

735 822 885 861 XXXI.
925 819 1028 873 [XL.
1032 819 1047 873 ]

453 911 497 946 C.
518 911 725 945 PLINIUS
754 910 979 945 TRAIANO
1007 910 1341 944 IMPERATORI.

133 1006 151 1038 1
277 992 411 1037 Salva
444 993 754 1053 magnitudine
787 996 885 1051 tua,
918 992 1118 1050 domine,
1159 992 1400 1038 descendas
1435 993 1614 1050 oportet

180 1056 235 1100 ad
269 1072 390 1101 meas
424 1071 575 1114 curas,
617 1071 719 1101 011111
751 1056 821 1100 ius
855 1055 968 1099 mihi
1002 1055 1176 1100 dederis
1209 1053 1434 1099 referendi
1467 1053 1523 1098 ad
1556 1056 1613 1110 te,

129 1132 150 1163 2
179 1119 233 1163 de
277 1119 441 1176 quibus
485 1118 655 1164 dubito.
730 1117 784 1162 In
826 1118 1054 1176 plerisque
1097 1118 1376 1174 civitatibus,
1419 1115 1614 1161 maxime

225 1181 470 1226 icomediae
514 1184 559 1225 et
590 1181 806 1239 Nicaeae,
850 1181 1033 1239 quidam
1068 1182 1141 1225 vel
1177 1181 1225 1224 in
1268 1195 1380 1238 opus
1414 1179 1615 1223 damnati

179 1245 250 1288 vel
292 1244 340 1288 in
378 1245 535 1288 ludum
573 1244 827 1301 similiaque
862 1243 934 1288 his
971 1259 1137 1302 genera
1178 1257 1425 1301 poenarum
1468 1241 1615 1300 publi-

180 1322 334 1351 corum
368 1322 600 1351 servorum
634 1306 786 1351 officio
820 1306 1160 1364 ministerioque
1192 1306 1446 1365 funguntur
1479 1307 1614 1362 atque

180 1370 314 1414 etiam
341 1373 392 1413 ut
418 1370 590 1427 publici
617 1369 734 1413 servi
759 1385 908 1413 annua
935 1369 1174 1427 accipiunt.
1240 1367 1371 1421 Quod
1399 1382 1483 1427 ego
1511 1382 1615 1412 cum

180 1433 418 1490 audissem,
444 1432 521 1476 diu
541 1433 824 1490 multumque
837 1432 1076 1489 haesitavi,
1104 1431 1212 1489 quid
1233 1431 1379 1476 facere
1394 1429 1613 1475 deberem.

133 1506 153 1539 3
180 1494 299 1539 Nam
333 1498 378 1539 et
410 1495 593 1539 reddere
626 1510 797 1552 poenae
824 1497 929 1552 post
954 1495 1144 1553 longum
1170 1496 1349 1552 tempus
1375 1493 1614 1551 plerosque
1642 1506 1658 1532 2

182 1558 270 1602 iam
304 1573 430 1602 senes
465 1561 526 1615 et,
561 1561 780 1615 quantum
814 1557 1094 1614 adfirmatur,
1127 1556 1364 1616 frugaliter
1396 1555 1615 1600 modeste-

183 1635 268 1677 que
305 1621 507 1665 viventes
542 1620 678 1665 nimis
706 1635 911 1664 severum
948 1620 1218 1677 arbitrabar,
1260 1621 1304 1664 et
1337 1619 1384 1662 111
1420 1617 1614 1676 publicis

183 1683 343 1728 officiis
374 1683 566 1727 retinere
586 1683 822 1728 damnatos
847 1698 940 1727 non
970 1683 1079 1727 satis
1108 1683 1350 1726 honestum
1380 1681 1615 1739 putabam3

183 1746 362 1790 eosdem
393 1761 549 1791 rursus
583 1762 609 1790 a
640 1762 688 1790 re
721 1746 904 1803 publica
942 1745 1065 1804 pasci
1100 1745 1270 1789 otiosos
1304 1744 1483 1801 inutile,
1522 1758 1616 1788 non

133 1819 156 1851 4
184 1809 307 1866 pasci
335 1808 470 1852 etiam
496 1809 802 1866 periculosum
823 1808 1149 1853 existimabam.
1213 1806 1479 1852 Necessario
1507 1820 1615 1865 ergo
1663 1819 1680 1846 5

182 1887 276 1915 rem
309 1874 470 1928 totam,
514 1871 621 1915 dum
664 1874 709 1915 te
753 1872 1055 1928 consulerem,
1097 1871 1144 1914 in
1187 1884 1406 1928 suspenso
1439 1868 1616 1940 reliqui.

184 1932 377 1986 Quaeres
398 1935 605 1991 fortasse,
628 1949 760 1992 quem
782 1934 838 1978 ad
858 1934 1043 1978 modum
1064 1933 1279 1991 evenerit,
1300 1935 1353 1978 ut
1372 1931 1551 2003 poenis,
1570 1931 1618 1976 in

184 2011 293 2053 quas
322 1996 520 2041 damnati
547 1999 690 2054 erant,
725 1997 1081 2041 exsolverentur:
1109 1999 1153 2040 et
1180 2011 1264 2055 ego
1293 1994 1514 2053 quaesivi,
1540 1994 1617 2039 sed

183 2058 299 2102 nihil
333 2060 548 2117 comperi,
583 2060 703 2117 quod
730 2060 966 2104 adfirmare
993 2059 1079 2103 tibi
1106 2059 1291 2117 possim.
1335 2057 1401 2103 Ut
1427 2057 1618 2114 decreta,

185 2121 347 2178 quibus
383 2122 581 2166 damnati
621 2125 764 2179 erant,
804 2122 1167 2180 proferebantur,
1207 2122 1270 2165 ita
1308 2121 1435 2165 nulla
1474 2119 1617 2164 moni-

137 2193 157 2226 5
185 2186 356 2241 menta,
391 2184 551 2242 quibus
585 2185 762 2229 liberati
789 2185 1099 2243 probarentur.
1164 2184 1309 2228 Erant
1333 2186 1505 2240 tamen,
1538 2182 1617 2240 qui

186 2245 384 2290 dicerent
430 2247 717 2304 deprecantes
769 2247 895 2292 iussu
939 2247 1262 2306 proconsulum
1306 2247 1618 2306 legatorumve

186 2307 406 2353 dimissos.
458 2308 664 2354 Addebat
690 2310 846 2367 fidem,
880 2310 1001 2368 quod
1029 2310 1242 2355 credibile
1270 2312 1366 2354 erat
1391 2308 1618 2353 neminem

188 2371 276 2415 1100
309 2387 468 2415 ausum
503 2372 597 2416 sine
631 2375 825 2420 auctore.

289 2509 311 2542 3
339 2506 372 2543 si
399 2507 489 2543 add.
514 2507 596 2544 Cat.
702 2512 721 2543 7
752 2507 835 2544 dies
863 2520 934 2555 pro
963 2520 1039 2555 quo
1068 2521 1104 2545 a.

1639 829 1675 856 10

1643 1191 1677 1218 15

1644 2133 1681 2160 30
