1630 2678
103 520 125 553 8

106 933 123 965 1

104 1054 125 1086 2

104 1356 125 1388 3

104 1599 128 1632 4

105 2023 125 2056 1

149 96 209 140 90
745 91 783 128 C.
811 91 945 128 PLIN'I

149 204 502 262 potentissimum
534 206 611 246 est.
667 202 787 246 Idem
821 201 863 245 C.
893 200 1148 257 Calvisium,
1183 189 1542 244 contubernalem

149 280 307 321 meum,
328 265 514 308 amicum
528 267 664 320 tuum,
679 266 773 307 arta
786 263 1115 320 propinquitate
1129 260 1455 319 complectitur3
1475 263 1542 305 est

150 327 265 370 enim
314 326 430 369 filius
478 326 651 369 sororis.
732 324 864 367 Hunc
913 338 1023 380 rogo
1069 322 1267 366 semestri
1313 322 1543 366 tribunatu

151 386 488 444 splendidiorem
516 389 558 429 et
584 386 666 429 sibi
693 388 736 429 et
761 385 978 429 avunculo
1006 399 1085 428 suo
1111 383 1260 427 facias.
1311 381 1541 442 Obligabis

151 463 232 503 me,
265 447 478 505 obligabis
506 446 741 490 Calvisium
766 449 977 502 nostrum,
1011 445 1228 503 obligabis
1260 445 1419 502 ipsum,
1449 459 1542 489 non
1567 458 1584 486 ο

151 509 295 551 minus
316 508 518 551 idoneum
539 508 791 563 debitorem,
812 522 943 563 quam
963 522 1042 550 nos
1069 509 1208 563 putas.
1247 505 1390 550 Multa
1415 506 1542 550 bene·

151 569 252 613 ficia
283 570 329 612 in
361 569 522 612 multos
556 568 798 612 contulisti:
832 569 972 611 ausim
1004 566 1266 611 contendere
1295 567 1470 611 nullum
1497 569 1542 610 te

151 630 319 685 melius,
350 644 485 686 aeque
512 630 621 673 bene
647 645 782 672 unum
804 632 879 672 aut
898 630 1083 672 alterum
1103 628 1367 672 conloca-sse.
1421 627 1540 672 Vale.

820 754 857 791 'vr

193 769 238 819 ll
322 781 330 787 ⁴
392 791 442 817 οἱ
499 788 534 818 [λ
859 784 869 794 ”

238 785 332 848 ⁴⁴⁸7
349 778 396 855 s
425 785 693 875 &PLINIUS
720 841 860 874 IULIO
889 841 1072 875 SPARSO
1101 841 1194 875 SUO
1223 841 1261 875 S.
1567 839 1604 866 ²⁰

249 920 498 964 Aeschinen
518 921 640 964 aiunt
658 921 906 978 petentibus
927 920 1111 964 Rhodiis
1128 921 1289 980 legisse
1297 921 1541 965 orationem

153 996 288 1037 suam,
321 982 475 1025 deinde
507 981 834 1038 Demosthenis,
865 983 1045 1026 summis
1078 985 1310 1039 utramque
1341 982 1543 1027 elamori-

152 1042 246 1085 bus.
310 1041 436 1094 Quod
477 1045 699 1085 tantorum
736 1044 929 1086 virorum
967 1044 1141 1100 scriptis
1181 1043 1420 1102 contigisse
1450 1058 1543 1088 non

152 1104 305 1159 miror,
347 1118 447 1147 cum
489 1104 729 1147 orationem
771 1119 910 1147 meam
951 1105 1150 1161 proxime
1189 1105 1433 1149 doctissimi
1463 1104 1543 1148 ho-

151 1164 291 1207 mines
329 1163 414 1207 hoc
452 1164 614 1220 studio,
653 1165 738 1208 hoc
770 1165 973 1221 adsensu,
1003 1166 1088 1209 hoc
1120 1166 1252 1210 etiam
1282 1166 1433 1210 labore
1463 1181 1544 1223 per
1568 1180 1604 1208 ιι

150 1224 333 1268 biduum
365 1225 597 1281 audierint,
661 1227 858 1281 quamvis
899 1227 1186 1270 intentionem
1231 1242 1382 1271 eorum
1418 1226 1544 1272 nulla

150 1285 255 1328 hinc
287 1288 330 1328 et
355 1286 455 1328 inde
475 1286 664 1342 collatio,
689 1288 859 1330 nullum
886 1288 1010 1343 quasi
1036 1291 1255 1332 certamen
1274 1287 1541 1332 accenderet.
1609 1293 1614 1298 '

151 1345 268 1388 Nam
293 1345 456 1389 Rhodii
482 1361 581 1390 cum
612 1348 718 1403 ipsis
752 1349 998 1391 orationum
1023 1350 1260 1393 virtutibus
1285 1351 1383 1393 tum
1408 1349 1542 1393 etiam

153 1407 492 1463 comparationis
526 1408 686 1451 aculeis
726 1409 1044 1466 excitabantur,
1082 1413 1235 1454 nostra
1272 1410 1413 1454 oratio
1445 1411 1541 1454 sine
1612 1429 1615 1432 ·

153 1468 455 1510 aemulationis
481 1469 622 1525 gratia
647 1470 925 1525 probabatur.
967 1471 1038 1514 An
1070 1472 1246 1529 merito,
1278 1472 1409 1529 scies,
1439 1486 1541 1516 cum
1566 1485 1604 1513 so

151 1528 310 1585 legeris
340 1528 518 1585 librum,
552 1530 673 1572 cuius
707 1532 949 1587 amplitudo
981 1547 1071 1575 non
1104 1533 1209 1576 sinit
1239 1548 1309 1577 me
1339 1533 1542 1591 longiore

153 1589 340 1645 epistula
371 1591 607 1645 praeloqui.
658 1590 844 1647 Oportet
875 1593 991 1636 enim
1022 1608 1103 1636 nos
1136 1594 1183 1637 in
1213 1593 1298 1638 hac
1329 1596 1462 1651 certe,
1494 1593 1542 1638 in

154 1664 240 1705 qua
281 1664 531 1706 possumus,
574 1652 725 1694 breves
764 1667 873 1709 esse,
907 1669 993 1710 quo
1033 1655 1090 1697 sit
1122 1655 1389 1712 excusatius,
1422 1654 1542 1712 quod

150 1710 312 1753 librum
354 1710 517 1766 ipsum,
556 1727 645 1754 non
677 1715 823 1756 tamen
854 1715 970 1758 ultra
1007 1730 1162 1759 causae
1195 1715 1543 1773 amplitudinem,

152 1770 437 1814 extendimus.
501 1771 621 1815 Vale.
1567 1789 1603 1818 π

192 1882 459 1933 (muman
629 1930 631 1933 ,
812 1851 881 1890 VI·

434 1933 475 1967 C.
496 1935 695 1968 PLINIUS
723 1937 861 1971 IULIO
888 1939 1069 1973 NASONI
1097 1941 1191 1975 SUO
1220 1941 1258 1975 S.

252 2012 383 2056 Tusci
433 2014 643 2071 grandine
687 2017 874 2072 excussi,
923 2018 968 2061 in
1008 2020 1186 2078 regione
1230 2017 1543 2079 Transpadana

153 2089 324 2118 summa
364 2074 646 2131 abundantia,
688 2077 762 2119 sed
803 2093 882 2133 par
921 2080 1068 2123 vilitas
1109 2083 1356 2126 nuntiatur:
1397 2083 1542 2127 solum
1612 2098 1615 2102 ’

105 2144 127 2177 ‘2
152 2135 262 2178 mihi
292 2134 606 2179 Laurentinum
644 2152 788 2180 meum
826 2139 871 2181 in
901 2140 1055 2184 reditu.
1117 2142 1243 2186 Nihil
1275 2144 1453 2200 quidem
1478 2144 1542 2188 ibi
1566 2157 1604 2184 ω

153 2195 356 2252 possideo
389 2199 559 2252 praeter
590 2199 754 2240 tectum
787 2202 830 2241 et
860 2200 1037 2244 hortum
1076 2204 1312 2260 statimque
1343 2205 1541 2261 harenae,

253 2305 272 2337 1
299 2301 541 2347 potissimum
562 2304 634 2350 Fp
645 2317 676 2341 r.
753 2309 797 2340 10
823 2306 920 2343 Iulio
940 2319 985 2344 ατ
1003 2310 1080 2345 solo
1100 2311 1138 2347 R
1157 2311 1243 2347 add.
1315 2315 1360 2348 13
1387 2311 1542 2358 scriptis

153 2350 363 2396 contigisse
390 2351 441 2387 M
453 2352 530 2387 VD
541 2361 581 2396 ς,
615 2354 679 2397 K,
707 2357 805 2390 cont.
834 2356 964 2401 script.
991 2359 1193 2405 RFpra,
1226 2360 1372 2407 Stanql,
1406 2361 1542 2398 Muell.

154 2402 200 2436 27
226 2398 323 2435 Iulio
349 2399 451 2436 eolus
475 2401 525 2444 R,
552 2401 604 2437 K.
