1630 2678
173 110 258 154 108
757 105 794 142 C.
821 103 955 140 PL1N1

120 246 127 253 κ
170 222 381 276 quantum
414 220 540 274 putas
572 217 711 260 inesse
744 216 797 259 iis
829 215 1008 274 gratiae,
1049 229 1160 270 quae
1201 213 1312 258 mihi
1353 217 1399 260 et
1438 230 1465 260 a
1507 218 1551 260 te

169 284 213 324 et
245 278 402 324 Graece
434 278 729 335 proferuntur!
794 276 915 320 Vale.

382 390 451 438 ²713
479 391 560 467 ms
808 401 914 441 XIX.

289 491 330 523 c,
354 489 552 522 PLINIUS
580 488 896 522 CALPURNIAE
922 487 1208 522 HISPULLAE
1234 486 1362 522 SUAE
1389 488 1428 523 s,

249 569 355 612 Cum
401 570 460 612 sis
504 569 680 625 pietatis
725 569 974 625 exemplum
1018 569 1287 625 fratremque
1331 569 1550 626 optimum
1576 589 1594 616 5

167 634 210 673 et
240 629 584 673 amantissimum
618 630 684 672 tui
725 630 820 686 pari
858 629 1038 672 caritate
1079 629 1283 673 dilexeris
1323 628 1550 687 filiamque

165 691 255 734 eius
287 694 337 734 ut
367 694 488 734 tuam
521 691 677 748 diligas
708 705 789 734 nec
826 693 998 734 tantum
1036 691 1195 734 amitae
1233 690 1274 734 ei
1317 690 1550 748 adfectum,

166 767 314 795 verum
359 752 488 795 etiam
527 752 665 808 patris
703 752 851 794 amissi
901 754 1215 808 repraesentes,
1259 766 1352 796 non
1395 751 1550 796 dubito

165 813 354 855 maximo
398 812 479 855 tibi
523 812 683 870 gaudio
727 813 843 869 fore,
900 827 998 856 cum
1054 812 1314 871 cognoveris
1371 812 1550 872 dignam

163 876 297 930 patre,
329 873 506 931 dignam
538 876 599 929 te,
632 873 809 931 dignam
842 889 923 916 avo
957 874 1149 917 evadere.
1213 871 1445 918 Summum
1483 877 1550 918 est
1575 894 1612 922 ιο

164 948 362 990 acumen,
394 949 565 977 summa
595 934 845 992 frugalitas3
889 937 1006 977 amat
1046 950 1134 990 me,
1173 934 1292 992 quod
1334 935 1549 980 castitatis

163 995 371 1038 indicium
405 998 481 1038 est.
553 994 735 1039 Accedit
777 996 846 1039 his
879 995 1073 1039 studium
1116 996 1386 1053 litterarum,
1431 996 1550 1054 quod

163 1071 216 1100 ex
247 1056 333 1099 mei
358 1056 537 1099 caritate
569 1057 779 1113 concepit.
843 1056 964 1100 Meos
995 1057 1169 1101 libellos
1200 1057 1349 1115 habet,
1365 1057 1551 1117 lectitat,

163 1116 315 1159 ediscit
346 1117 488 1159 etiam.
553 1116 648 1168 Qua
679 1117 755 1160 illa
780 1118 1094 1175 sollicitudine,
1127 1133 1228 1162 cum
1251 1118 1406 1163 videor
1430 1121 1550 1163 actu·

162 1192 253 1231 rus,
286 1181 469 1233 quanto,
503 1192 602 1221 cum
629 1178 717 1235 egi,
748 1179 908 1236 gaudio
935 1179 1156 1223 adficitur!
1218 1179 1447 1238 Disponit,
1473 1179 1550 1238 qui
1575 1197 1612 1226 15

162 1238 365 1281 nuntient
385 1239 486 1294 sibi,
507 1253 636 1294 quem
658 1239 906 1296 adsensum,
927 1255 1037 1297 quos
1066 1241 1281 1285 clamores
1307 1241 1549 1298 excitarim,
1571 1281 1579 1288 .

164 1313 290 1354 quem
324 1302 527 1342 eventum
560 1299 710 1343 iudicii
742 1301 927 1344 tulerim.
991 1301 1171 1358 Eadem,
1202 1303 1240 1346 si
1273 1301 1449 1359 quando
1481 1317 1549 1346 re-

163 1359 270 1415 cito,
300 1360 346 1402 in
376 1361 576 1416 proximo
609 1361 797 1405 discreta
828 1363 925 1405 velo
959 1363 1080 1406 sedet
1104 1362 1344 1420 laudesque
1374 1365 1549 1408 nostras

163 1419 422 1463 avidissimis
455 1421 632 1465 auribus
666 1423 839 1479 excipit.
903 1423 1067 1468 Versus
1089 1423 1266 1481 quidem
1292 1439 1415 1469 meos
1448 1439 1547 1469 can-

163 1483 229 1522 tat
255 1480 382 1523 etiam
412 1481 657 1538 formatque
678 1483 844 1527 cithara
863 1499 954 1527 non
979 1485 1146 1530 artifice
1166 1486 1316 1543 aliquo
1350 1485 1548 1542 docente,
1571 1503 1608 1531 ρο

165 1540 239 1582 sed
271 1555 436 1596 amore,
470 1543 545 1598 qui
576 1545 783 1602 magister
815 1548 880 1588 est
913 1547 1118 1602 optimus.
1185 1545 1268 1591 His
1309 1561 1365 1591 ex
1405 1547 1549 1592 causis

164 1600 212 1643 in
255 1616 373 1657 spem
419 1604 702 1648 certissimam
747 1606 939 1650 adducor
988 1610 1246 1664 perpetuam
1289 1608 1418 1652 nobis
1459 1622 1549 1651 ma·
1628 1619 1630 1621 '

163 1660 385 1718 ioremque
417 1664 461 1705 in
488 1664 575 1707 dies
602 1665 793 1709 futuram
821 1682 913 1710 esse
940 1669 1230 1712 concordiam.
1293 1668 1399 1712 Non
1430 1668 1547 1713 enim
1627 1670 1630 1671 ⁷

164 1724 348 1765 aetatem
381 1738 519 1767 meam
552 1729 627 1768 aut
658 1742 834 1783 corpus,
867 1744 977 1784 quae
1009 1730 1224 1786 paulatim
1257 1730 1465 1774 occidunt
1496 1744 1548 1774 ac
1624 1708 1630 1769 i

164 1786 411 1839 senescunt,
443 1785 517 1827 sed
548 1787 731 1842 gloriam
775 1788 930 1846 diligit.
993 1789 1087 1834 Nec
1128 1791 1249 1835 aliud
1290 1791 1415 1836 decet
1455 1791 1544 1835 tuis
1570 1788 1630 1838 2⁶²⁴*

163 1843 363 1886 manibus
407 1845 655 1902 educatam,
708 1850 794 1891 tuis
842 1852 1085 1907 praeceptis
1127 1852 1396 1910 institutam,
1438 1866 1549 1910 quae

162 1903 274 1946 nihil
305 1904 350 1946 in
391 1906 676 1950 contubernio
720 1912 796 1952 tuo
842 1911 998 1955 viderit
1041 1913 1124 1956 nisi
1171 1916 1372 1958 sanctum
1413 1912 1549 1957 hone·

164 1966 387 2021 stumque,
407 1981 516 2021 quae
537 1967 721 2024 denique
754 1986 896 2014 amare
928 1988 997 2015 me
1030 1989 1082 2016 ex
1114 1977 1192 2018 tua
1221 1974 1548 2031 praedicatione

163 2026 446 2068 consueverit.
509 2027 644 2084 Nam,
677 2044 775 2072 cum
809 2035 990 2076 matrem
1032 2050 1172 2078 meam
1205 2036 1400 2092 parentis
1443 2035 1545 2080 loco

162 2100 378 2141 vererere,
409 2102 478 2130 me
511 2104 535 2130 a
567 2091 753 2144 pueritia
774 2093 919 2135 statim
947 2094 1152 2152 formare,
1183 2096 1363 2140 laudare
1393 2097 1547 2141 talem·
1572 2112 1616 2142 ω·

260 2221 278 2252 1
300 2217 395 2271 mihi
415 2218 539 2265 RFp,
560 2220 705 2265 Catum„
730 2222 822 2267 Otto,
842 2235 909 2260 om.
927 2226 977 2261 M
983 2227 1117 2272 Vras,
1133 2229 1198 2273 K,
1212 2239 1290 2274 qua
1309 2239 1356 2265 ea
1375 2229 1480 2266 etate
1492 2228 1545 2265 D.

160 2268 183 2320 ⁴?
209 2263 440 2311 Calpurmae
459 2278 504 2302 ex
524 2268 570 2304 R.
673 2274 691 2304 7
715 2270 907 2308 adfectum
929 2274 1064 2319 (effect.
1086 2278 1125 2322 a)
1143 2288 1252 2314 versu
1271 2280 1296 2314 8
1308 2282 1398 2324 post
1415 2277 1546 2315 amissi

159 2318 332 2351 anement
350 2314 388 2351 R
396 2315 541 2370 vaja‚
561 2317 707 2361 Muell„
728 2320 846 2356 Merr.
946 2327 991 2358 30
1016 2335 1194 2361 venerere
1213 2337 1275 2362 me
1290 2338 1395 2372 pra,
1416 2335 1547 2363 verere
1599 2341 1603 2343 >

158 2372 221 2398 me
239 2362 293 2407 D,
317 2373 506 2399 venereus
531 2376 592 2401 me
612 2367 707 2411 RF,
733 2367 910 2405 dilexeris
935 2383 1071 2417 meque
1098 2375 1149 2410 M
1161 2375 1203 2419 V,
1229 2374 1410 2411 dilexeris
1427 2386 1489 2411 me
1505 2383 1546 2412 s:

159 2410 208 2456 cf.
228 2422 365 2458 paneq.
388 2414 447 2456 14,
467 2417 487 2448 1
513 2424 697 2450 mererere
724 2416 900 2465 (Stanql).
