1630 2678
0 0 152 63 ΓΝ*

512 126 868 164 EPISTULARUM
894 127 946 162 VI
974 131 1129 164 21—23.
1429 130 1517 174 165

116 237 372 296 Bruttiano,
403 239 479 284 sed
511 240 662 283 statim
701 240 754 283 de
786 238 985 283 Atticino
1018 239 1282 298 perrogavit.
1326 239 1517 284 Damna-

115 303 190 346 tus
219 302 267 345 et
295 300 344 344 in
373 300 564 344 insulam
595 301 836 360 relegatus3
861 301 1096 345 Bruttiano
1130 301 1420 345 iustissimum
1452 303 1517 344 in-

75 382 78 386 ·
114 361 336 421 tegi-itatis
372 362 678 406 testimonium
714 362 957 419 redditum,
995 377 1126 419 quem
1165 362 1343 419 quidem
1384 362 1516 406 etiam

114 422 388 469 commntiae
421 423 564 481 gloria
595 426 746 467 secuta
778 426 856 467 est.
894 422 1010 467 Nam
1044 423 1249 467 defensus
1282 424 1515 481 expeditis·
1542 436 1564 468 6

71 498 90 527 ι
113 483 225 529 sime
254 485 479 529 accusavit
508 485 789 528 vehementer
812 499 894 528 nec
919 485 1065 528 minus
1091 499 1191 528 acer
1217 500 1349 541 quam
1373 485 1516 530 bonus

113 548 159 591 et
188 545 387 591 sincerus
418 547 635 603 apparuit.
681 545 809 598 Quod
839 546 923 589 tibi
954 546 1126 603 scripsi,
1158 549 1209 589 ut
1239 550 1284 589 te
1310 546 1516 590 sortitum
1544 558 1565 590 7

112 608 389 665 provinciam
434 622 784 664 praemonerem,
828 608 1068 664 plurimum
1113 607 1197 650 tibi
1242 607 1391 651 credas
1434 622 1517 652 nec

113 669 320 726 cuiquam
354 668 461 712 satis
486 668 618 725 fidas,
643 668 800 712 deinde
826 669 959 725 scias,
984 669 1021 711 si
1048 669 1147 725 quis
1174 669 1288 712 forte
1313 671 1371 725 te,
1398 669 1516 726 quod

112 730 366 787 abominor,
415 730 561 785 fallat,
611 732 810 787 paratam
855 730 1091 786 ultionem3
1137 745 1224 786 qua
1267 733 1416 774 tamen
1459 745 1516 774 ne
1608 759 1610 762 >

52 805 88 833 ιο
112 791 172 836 sit
202 806 336 849 opus,
366 791 499 835 etiam
531 794 663 848 atque
696 791 828 834 etiam
861 791 1048 835 attende.
1094 791 1251 847 Neque
1283 791 1399 835 enim
1425 794 1516 835 tam
1542 802 1565 835 8

111 853 354 898 iucundum
394 855 462 896 est
501 853 715 896 vindicari
754 867 886 909 quam
926 852 1069 909 decipi
1108 853 1329 896 miserum.
1393 852 1516 896 Vale.

739 1003 889 1043 xxm.
953 1002 982 1032 a
1012 993 1121 1056 ομ
1131 982 1294 1069 ,41ιῲ

470 1091 513 1125 C.
535 1091 737 1124 PLINIUS
764 1091 970 1125 TRIARIO
999 1091 1093 1124 5130
1122 1092 1158 1124 S.

201 1170 406 1229 Impense
432 1172 567 1229 petis,
598 1174 651 1215 ut
674 1186 804 1230 agam
831 1186 1008 1216 causam
1042 1172 1335 1228 pertinentem
1362 1171 1416 1214 ad
1444 1185 1515 1214 011-
1542 1181 1562 1214 1

50 1246 85 1274 1⁶
109 1247 202 1277 ram
231 1235 376 1289 m,
406 1233 637 1290 pulchram
670 1233 839 1290 alioqui
871 1236 916 1276 et
947 1232 1173 1276 famosam.
1220 1232 1407 1288 Faciam,
1440 1232 1516 1275 sed

107 1307 200 1338 non
236 1294 388 1352 gratis.
457 1292 564 1346 ‘Qui
596 1294 691 1338 fieri
729 1294 899 1351 potest'
936 1294 1103 1351 inquis,
1142 1294 1212 1336 ‘ut
1249 1309 1339 1336 non
1377 1293 1515 1351 gratis

108 1354 211 1399 tu?’
260 1354 432 1412 Potest3
464 1356 639 1414 exigam
672 1356 789 1398 enim
823 1355 1068 1399 mercedem
1094 1355 1393 1398 honestiorem
1419 1368 1515 1412 gra-

108 1416 225 1460 tuito
238 1417 506 1474 patrocinio:
526 1419 629 1474 peto
651 1420 784 1473 atque
804 1417 936 1460 etiam
958 1417 1171 1473 paciscor,
1190 1418 1240 1459 ut
1260 1416 1393 1458 simul
1412 1418 1516 1473 agat
1541 1427 1563 1459 2

110 1476 362 1522 Cremutius
394 1476 528 1522 Ruso.
568 1477 759 1521 Solitum
793 1478 878 1521 hoc
911 1477 1019 1520 mihi
1052 1480 1097 1520 et
1128 1477 1215 1520 iam
1242 1477 1289 1520 in
1314 1476 1514 1534 pluribus

46 1551 85 1579 zo
110 1539 240 1583 claris
272 1539 627 1583 adulescentibus
661 1539 922 1583 factitatum.
962 1538 1079 1581 Nam
1106 1538 1215 1581 mire
1247 1538 1513 1594 concupisco

108 1599 251 1645 bonos
282 1600 463 1645 iuvenes
496 1599 726 1644 ostendere
758 1600 875 1655 foro,
909 1599 1140 1657 adsignare
1172 1599 1326 1643 famae.
1385 1598 1512 1651 Quod
1541 1611 1563 1643 s

109 1660 147 1705 si
184 1661 278 1718 cui,
307 1664 531 1719 praestare
565 1661 734 1705 Rusoni
776 1676 873 1704 meo
906 1660 1044 1704 debeo
1078 1661 1148 1704 vel
1179 1663 1362 1717 propter
1393 1663 1514 1703 nata-

106 1722 172 1767 les
210 1722 351 1780 ipsius
390 1723 461 1766 vel
505 1725 687 1780 propter
726 1722 933 1765 eximiam
972 1722 1057 1765 mei
1096 1722 1344 1778 caritatem3
1382 1737 1512 1778 quem

108 1783 260 1841 magni
298 1784 483 1827 aestimo
517 1784 563 1826 in
596 1782 734 1827 isdem
768 1782 961 1839 iudiciis,
994 1798 1047 1826 ex
1078 1783 1218 1827 isdem
1251 1783 1384 1826 etiam
1417 1798 1513 1839 par-

47 1856 83 1884 2⁶
108 1843 228 1888 tibus
261 1844 478 1901 conspici,
510 1844 664 1888 audiri.
729 1842 890 1902 Obliga
921 1859 1009 1900 me,
1043 1844 1209 1902 obliga,
1242 1847 1343 1888 ante
1380 1858 1511 1900 quam
1538 1855 1561 1886 4

107 1904 246 1959 dicat3
276 1920 399 1962 nam,
431 1920 531 1949 cum
565 1905 745 1961 dixerit,
777 1905 941 1963 gratias
974 1920 1089 1963 ages.
1154 1904 1361 1962 Spondeo
1394 1905 1513 1948 solli-

108 1965 294 2011 citudini
332 1969 451 2022 tuae,
491 1967 585 2023 spei
618 1982 758 2022 meae,
791 1966 1086 2025 magnitudini
1118 1982 1275 2011 causae
1308 1966 1511 2010 suffectu-

106 2042 218 2072 rum.
282 2026 365 2071 Est
403 2027 564 2071 indolis
602 2028 795 2084 optimae
829 2028 951 2071 brevi
984 2028 1279 2085 producturus
1312 2027 1442 2082 alios,
1474 2027 1511 2070 si

107 2089 284 2134 interim
311 2088 554 2146 productus
581 2089 715 2132 fuerit
740 2104 766 2132 a
792 2089 931 2132 nobis.
977 2088 1133 2146 Neque
1160 2089 1276 2132 enim
1305 2089 1510 2145 cuiquam
1538 2099 1560 2131 6

46 2161 83 2189 ⁸⁰
107 2152 200 2195 tam
232 2150 398 2194 clarum
434 2151 583 2194 statim
617 2150 863 2208 ingenium,
897 2153 947 2194 ut
980 2151 1121 2207 possit
1153 2165 1392 2208 emergere,
1426 2149 1511 2193 nisi

107 2211 175 2256 illi
194 2211 389 2268 materia,
410 2212 597 2266 occasio,
622 2211 771 2255 fautor
801 2211 932 2255 etiam
963 2211 1381 2267 commendatorque
1410 2225 1511 2254 con-

106 2272 262 2331 tingat.
326 2272 447 2316 Vale.

206 2409 227 2442 Ξ
254 2405 345 2443 iust.
366 2406 434 2442 int.
457 2407 544 2442 test.
570 2406 730 2453 Dpra,
756 2406 945 2453 premium
975 2406 1042 2441 int.
1071 2406 1159 2441 iust.
1189 2406 1246 2441 M.
1349 2409 1396 2441 29
1423 2416 1509 2452 pro-

108 2453 249 2491 ductus
275 2455 358 2499 Dr,
384 2455 433 2491 K.
451 2456 499 2491 11
522 2455 635 2501 (disp.
660 2456 707 2491 11
725 2458 778 2500 5),
806 2455 953 2499 Muell„
980 2457 1183 2501 provectus
1206 2456 1374 2501 stips-a,
1405 2455 1453 2491 Κ.
1476 2456 1505 2491 1.
