1716 2742
522 133 886 171 EPISTULARUM
912 133 965 169 IX
992 138 1090 170 2-6
1437 137 1528 182 235

787 253 837 292 V.

479 342 522 376 C.
544 341 750 376 PLINIUS
779 342 956 375 TIRONI
985 341 1082 376 SUO
1112 341 1150 375 S.

189 425 386 485 Egregie
418 425 529 470 facis
573 424 773 483 (inquiro
818 423 980 483 enim),
1022 427 1066 468 et
1108 439 1365 482 persevera,
1409 424 1530 481 quod
1559 438 1578 469 1

95 488 317 532 iustitiam
349 490 474 532 tuam
514 488 866 546 provincialibus
906 488 1049 532 multa
1090 487 1370 531 humanitate
1410 501 1531 532 com-

50 565 69 594 5
95 551 298 608 mendas,
332 550 459 596 cuius
486 551 727 609 praecipua
754 565 857 608 pars
885 553 953 594 est
979 550 1347 594 honestissimum
1379 565 1531 607 quem-

96 627 182 671 que
209 614 451 671 complecti
478 616 611 671 atque
644 614 708 657 ita
739 630 764 657 a
797 613 1047 657 minoribus
1081 613 1239 669 amari,
1266 615 1317 656 ut
1344 613 1480 656 simul
1506 628 1532 656 a

94 676 376 734 principibus
404 676 605 735 diligare.
657 676 866 733 Plerique
894 678 1064 732 autem,
1091 675 1197 719 dum
1219 678 1448 732 verentur,
1474 690 1531 719 ne
1558 688 1579 719 2

95 739 266 798 gratiae
296 739 552 797 potentium
585 739 775 783 nimium
810 739 1040 796 impertire
1073 738 1327 795 videantur,
1356 738 1532 782 siniste-

94 801 242 846 ritatis
291 804 427 859 atque
473 802 609 846 etiam
659 801 956 861 malignitatis
1005 801 1171 845 famam
1220 803 1531 845 consecuntur.

33 879 70 906 ιο
96 862 139 908 Α
175 879 265 922 quo
306 865 417 909 vitio
457 867 508 908 tu
547 865 684 923 longe
723 864 971 920 recessisti,
1013 864 1125 919 scio,
1166 863 1243 907 sed
1282 867 1532 920 temperare
1560 875 1582 908 3

96 926 210 971 mihi
241 942 335 972 non
361 941 568 985 possum,
602 942 691 984 quo
726 928 876 971 minus
910 927 1089 970 laudem
1123 926 1283 970 similis
1318 926 1533 982 monenti,

96 989 218 1048 quod
251 1005 354 1034 eum
387 990 570 1034 modum
603 993 749 1047 tenes,
774 993 826 1034 ut
859 989 1119 1034 discrimina
1153 989 1361 1033 ordinum
1390 988 1533 1048 digni-

94 1054 330 1110 tatumque
363 1053 610 1110 custodias;
644 1068 757 1110 quae
785 1052 823 1097 si
849 1052 1055 1109 confusa,
1081 1052 1283 1109 turbata,
1311 1052 1534 1109 permixta

95 1117 222 1173 sunt,
251 1115 368 1159 nihil
401 1118 470 1160 est
502 1116 601 1173 ipsa
634 1116 905 1178 aequalitate
939 1114 1230 1172 inaequalius.
1296 1114 1422 1158 Vale.

34 1280 71 1308 15
784 1270 855 1310 VI.
958 1257 1106 1304 03:⁶⁴⁸
1125 1267 1307 1342 fczae‘ns

88 1390 142 1429 χ
445 1359 488 1392 C.
511 1359 718 1393 PLINIUS
747 1358 986 1393 CALVISIO
1017 1359 1113 1392 SUO
1144 1358 1181 1391 S.

191 1439 336 1486 Omne
367 1440 456 1486 hoc
497 1444 678 1500 tempus
718 1442 835 1486 inter
873 1442 1119 1500 pugillares
1160 1456 1212 1485 ac
1250 1440 1429 1484 libellos
1469 1440 1535 1484 iu-
1564 1452 1583 1484 1

96 1504 373 1549 cundissima
406 1505 557 1562 quiete
582 1505 824 1548 transmisi.
878 1503 1043 1556 <Quem
1071 1503 1126 1547 ad
1154 1502 1361 1548 modum'
1387 1503 1538 1560 inquis

98 1566 167 1611 ‘in
185 1567 295 1612 urbe
314 1566 556 1625 potuistiP'
592 1567 820 1612 Circenses
843 1569 981 1623 erant,
995 1582 1085 1624 quo
1107 1581 1268 1625 genere
1289 1566 1536 1623 spectaculi

31 1643 71 1671 20
97 1645 154 1674 ne
178 1629 406 1674 levissime
434 1630 615 1688 quidem
642 1633 807 1674 teneor.
841 1629 972 1674 Nihil
998 1644 1187 1686 novum,
1206 1628 1322 1672 nihil
1347 1628 1535 1686 varium,

96 1692 236 1750 nihil,
267 1692 388 1750 quod
426 1708 520 1737 non
553 1694 692 1737 semel
725 1695 950 1750 spectasse
990 1692 1197 1736 sufficiat.
1263 1690 1363 1744 Quo
1391 1691 1535 1750 magis
1564 1702 1585 1734 2

97 1755 238 1799 miror
269 1758 339 1800 tot
371 1755 497 1800 milia
530 1756 730 1799 virorum
772 1758 866 1798 tam
906 1755 1140 1812 pueriliter
1177 1753 1422 1799 identidem
1462 1769 1536 1798 cu-

97 1833 203 1875 pere
236 1821 465 1863 currentes
499 1833 658 1875 equos,
691 1818 949 1862 insistentes
983 1818 1187 1861 curribus
1226 1817 1432 1861 homines
1472 1816 1537 1860 vi-

98 1881 214 1924 dere.
280 1878 330 1924 Si
361 1883 515 1925 tamen
547 1883 625 1924 aut
661 1881 900 1925 velocitate
934 1895 1153 1937 equorum
1188 1882 1266 1924 aut
1298 1879 1537 1924 hominum

34 1957 72 1984 25
98 1945 192 1987 arte
235 1943 541 2000 traherentur,
584 1947 701 1988 esset
742 1943 858 1987 ratio
900 1958 995 1987 non
1034 1943 1178 1987 nulla:
1220 1957 1342 1987 nunc
1383 1942 1537 1985 favent

97 2021 270 2064 panno,
302 2021 502 2063 pannum
536 2009 709 2063 amant,
742 2008 804 2062 et,
838 2006 876 2049 si
910 2006 957 2049 in
989 2005 1088 2064 ipso
1130 2021 1263 2050 cursu
1299 2004 1537 2061 medioque

98 2068 341 2113 certamine
367 2068 443 2113 hic
470 2069 595 2113 color
621 2069 752 2126 illuc,
777 2069 854 2112 ille
880 2069 970 2113 huc
996 2068 1308 2122 transferatur,
1337 2067 1537 2111 studium

97 2131 316 2189 favorque
358 2131 589 2188 transibit,
629 2134 674 2175 et
714 2133 897 2189 repente
941 2131 1185 2190 agitatores
1230 2131 1353 2187 illos,
1397 2144 1536 2187 equos

4 2229 10 2244 ,
99 2194 215 2251 illos,
256 2209 370 2251 quos
398 2194 559 2252 procul
585 2194 830 2251 noscitant,
859 2209 1051 2251 quorum
1080 2194 1315 2238 clamitant
1340 2193 1537 2248 nomina,

11 2271 13 2275 ·
36 2270 75 2298 so
99 2256 366 2315 relinquent.
433 2256 579 2300 Tanta
606 2257 768 2315 gratia,
796 2259 922 2300 tanta
948 2257 1193 2301 auctoritas
1220 2256 1268 2299 in
1294 2271 1385 2299 una
1417 2254 1538 2298 vilis·
1565 2265 1587 2297 3

99 2319 214 2364 sima
238 2320 413 2376 tunica,
441 2319 573 2363 mitto
601 2319 721 2377 apud
748 2320 932 2378 vulgus,
959 2319 1081 2376 quod
1106 2318 1240 2362 vilius
1267 2318 1434 2374 tunica,
1461 2316 1538 2361 sed

99 2382 220 2440 apud
254 2382 472 2439 quosdam
507 2397 665 2441 graves
706 2382 931 2439 homines;
972 2395 1084 2439 quos
1125 2396 1209 2440 ego
1250 2396 1353 2425 cum
1392 2395 1538 2425 recor-

202 2522 224 2555 3
252 2529 455 2567 persevero
483 2531 556 2563 ra,
584 2528 786 2565 persevere
815 2518 1077 2555 Boxhornius.
