1630 2678
142 308 164 341 8

145 551 165 583 9

121 732 164 766 10

122 975 162 1008 11

123 1279 165 1311 12

124 1460 168 1494 13

127 1764 172 1796 14

129 2126 174 2160 15

193 127 279 171 124
784 115 822 153 C.
849 113 982 151 PLINI

191 250 313 279 mora
337 236 381 277 et
406 231 584 287 antiqua
608 229 782 273 habent.
840 226 1062 282 Frequens
1088 223 1151 266 ibi
1177 225 1221 266 et
1245 220 1367 266 varia
1390 219 1578 266 venatio.

189 295 295 340 Inde
327 294 511 338 caeduae
544 292 678 334 silvae
710 303 809 332 cum
842 288 938 344 ipso
971 287 1121 329 monte
1153 281 1436 328 descendunt.
1486 280 1579 326 Has

191 358 304 400 inter
334 355 517 412 pingues
556 350 803 406 terrenique
841 348 973 392 colles
1006 345 1168 404 (neque
1201 344 1318 389 enim
1348 343 1479 388 facile
1510 357 1581 387 us-

192 431 322 474 quam
354 429 519 468 saxum,
550 413 682 456 etiam
715 412 752 454 si
785 411 1031 466 quaeratur,
1064 403 1277 464 occurrit)
1308 404 1580 463 planissimis

192 477 355 534 campis
381 475 605 519 fertilitate
624 487 715 516 non
741 472 901 515 cedunt
921 470 1202 526 opimamque
1227 481 1416 511 messem
1441 466 1581 511 serius
1606 477 1624 505 ⁵

191 541 374 593 tantum,
411 535 487 580 sed
524 550 614 578 non
655 533 799 576 minus
832 532 1120 589 percoquunt.
1184 527 1276 572 Sub
1307 527 1378 572 his
1409 542 1489 584 per
1519 527 1581 570 la-

190 602 261 642 tus
300 613 427 641 omne
468 596 619 639 vineae
660 594 948 651 porriguntur
987 605 1208 647 unamque
1249 588 1407 633 faciem
1447 589 1582 646 longe

188 660 362 716 lateque
393 659 651 712 contexunt3
690 670 873 711 quarum
906 669 932 696 a
968 653 1055 696 fine
1092 651 1270 708 imoque
1309 649 1434 706 quasi
1471 664 1583 693 mar-

190 720 290 778 gine
323 719 500 762 arbusta
530 719 779 761 nascuntur.
844 714 975 758 Prata
1006 713 1107 756 inde
1139 711 1384 769 campique,
1425 710 1583 767 campi,

191 795 300 837 quos
331 795 422 823 non
451 779 538 822 nisi
569 779 768 836 ingentes
799 777 933 820 boves
967 778 1010 818 et
1040 772 1282 818 fortissima
1313 774 1458 816 aratra
1487 786 1584 829 per·
1610 783 1630 811 1⁴

189 842 405 899 fringunt:
464 839 599 883 tantis
658 838 826 897 glaebis
882 835 1209 880 tenacissimum
1255 834 1424 889 solum,
1483 847 1584 877 cum

190 903 381 959 primum
421 903 688 958 prosecatur,
732 898 941 956 adsurgit,
982 900 1032 941 ut
1075 911 1194 940 nono
1240 895 1417 939 demum
1460 894 1583 938 sulco

190 963 481 1020 perdometur.
546 960 677 1004 Prata
714 960 870 1003 florida
902 962 945 1003 et
978 973 1178 1016 gemmea
1208 950 1427 1000 trifolium
1459 954 1585 998 alias-

193 1039 276 1081 que
313 1023 471 1067 herbas
513 1025 683 1066 teneras
723 1036 893 1078 semper
931 1023 974 1063 et
1012 1019 1167 1063 molles
1207 1020 1251 1062 et
1289 1016 1417 1074 quasi
1448 1030 1584 1060 novas

192 1086 326 1128 alunt.
391 1083 557 1127 Cuncta
596 1083 711 1126 enim
743 1081 1007 1139 perennibus
1045 1080 1151 1124 rivis
1183 1078 1458 1135 nutriuntur3
1496 1076 1586 1132 sed,
1611 1089 1630 1116 1¹

191 1146 268 1189 ubi
301 1160 437 1202 aquae
475 1145 730 1200 plurimum,
772 1144 898 1200 palus
937 1142 1078 1198 nulla,
1119 1141 1224 1197 quia
1261 1140 1426 1184 devexa
1456 1141 1585 1194 terra,

193 1206 405 1263 quidquid
451 1206 635 1262 liquoris
677 1204 845 1261 accepit
888 1218 968 1247 nec
1014 1201 1258 1258 absorbuit,
1310 1199 1496 1244 effundit
1539 1199 1586 1243 in

192 1267 398 1311 Tiberim.
460 1266 627 1310 Medios
660 1266 734 1309 ille
767 1280 895 1322 agros
929 1267 1048 1308 secat
1078 1263 1259 1307 navium
1290 1261 1462 1320 patiens
1495 1275 1587 1304 om-

191 1343 354 1385 nesque
391 1327 539 1385 fruges
579 1327 755 1370 devehit
792 1327 838 1369 111
878 1326 1046 1382 urbem,
1092 1325 1237 1368 hieme
1276 1323 1506 1367 dumtaxat
1543 1323 1588 1365 et

193 1404 311 1445 vere3
349 1391 512 1431 aestate
550 1388 840 1432 summittitur
877 1387 1167 1443 immensique
1198 1383 1394 1429 fluminis
1425 1397 1589 1427 nomen
1613 1395 1630 1422 2

195 1450 333 1492 arenti
360 1450 482 1492 alveo
510 1449 684 1505 deserit,
715 1451 927 1492 autumno
953 1447 1148 1491 resumit.
1205 1445 1416 1504 Magnam
1442 1444 1588 1502 capies

195 1511 478 1566 voluptatem,
516 1510 553 1553 si
583 1511 701 1553 hunc
732 1510 925 1568 regionis
964 1510 1098 1552 situm
1131 1523 1186 1552 ex
1222 1509 1373 1552 monte
1410 1519 1589 1563 prospe-

195 1571 322 1613 xeris.
383 1570 538 1626 Neque
580 1571 695 1614 enim
736 1573 873 1614 terras
914 1570 1011 1626 tibi,
1049 1569 1123 1613 sed
1165 1569 1354 1612 formam
1395 1566 1589 1624 aliquam

197 1630 251 1673 ad
283 1631 484 1673 eximiam
526 1632 897 1688 pulchritudinem
930 1631 1095 1687 pictam
1136 1629 1354 1673 videberis
1395 1642 1589 1672 cernere:

198 1706 248 1734 ea
291 1692 517 1747 varietate,
561 1708 611 1735 ea
661 1693 970 1749 descriptione,
1026 1705 1305 1748 quocumque
1355 1688 1590 1733 inciderint
1614 1700 1630 1727 Ξ

199 1752 332 1819 oculi,
377 1752 634 1795 reficientur.
697 1753 818 1796 Villa
861 1753 908 1796 in
953 1753 1063 1797 colle
1108 1752 1198 1796 imo
1246 1751 1332 1795 sita
1374 1748 1590 1807 prospicit
1628 1802 1630 1804 η

201 1827 324 1869 quasl
366 1827 419 1855 ex
450 1828 638 1856 summo:
678 1814 739 1857 ita
775 1814 932 1857 leniter
970 1817 1014 1857 et
1053 1813 1214 1857 sensim
1253 1811 1368 1856 clivo
1407 1811 1590 1855 fallente

200 1873 441 1930 consurgit,
486 1876 553 1927 ut,
598 1889 697 1916 cum
742 1874 972 1918 ascendere
1016 1877 1059 1918 te
1103 1889 1195 1918 non
1237 1875 1385 1930 putes,
1426 1871 1589 1916 sentias

200 1934 455 1977 ascendisse.
518 1934 559 1976 A
590 1937 713 1992 tergo
746 1934 1071 1992 Appenninum,
1110 1934 1186 1979 sed
1222 1934 1401 1992 longius
1437 1933 1590 1989 habet3

201 1994 360 2050 accipit
391 1994 444 2037 ab
475 1994 561 2038 hoc
593 2011 718 2038 auras
758 1996 999 2051 quamlibet
1031 2011 1183 2040 sereno
1223 1998 1267 2039 01
1297 1993 1471 2052 placido
1505 1992 1588 2049 die,
1613 2004 1630 2032 ⁸

199 2069 290 2098 non
320 2057 467 2097 tamen
499 2070 617 2098 acres
651 2059 694 2098 et
730 2056 988 2113 inmodicas,
1027 2057 1102 2100 sed
1141 2057 1284 2114 spatio
1323 2055 1421 2112 ipso
1451 2055 1590 2099 lassas

201 2118 245 2158 et
275 2115 493 2158 infractas.
556 2115 716 2173 Magna
754 2117 820 2160 sui
851 2120 974 2174 parte
1006 2118 1232 2161 meridiem
1264 2118 1436 2174 spectat
1465 2114 1591 2159 aesti-

200 2190 390 2231 vumque
422 2176 559 2218 solem
592 2176 645 2219 ab
678 2177 787 2220 hora
820 2181 952 2234 sexta,
983 2177 1216 2222 hibernum
1241 2177 1469 2235 aliquanto
1501 2191 1591 2219 ma—

200 2236 342 2279 turius
381 2237 504 2291 quasi
546 2237 704 2280 invitat
744 2237 790 2280 in
827 2239 1046 2294 porticum
1085 2240 1221 2282 latam
1263 2241 1307 2282 et
1337 2252 1419 2295 pro
1458 2237 1590 2280 modo

199 2297 390 2354 longam.
453 2296 593 2340 Multa
618 2298 664 2340 in
689 2298 771 2341 hac
796 2299 1003 2354 membra,
1035 2300 1196 2343 atrium
1223 2300 1356 2343 etiam
1382 2313 1438 2342 ex
1468 2312 1590 2342 more
1614 2307 1630 2335 ³

300 2383 346 2415 34
372 2390 442 2426 pro
468 2379 580 2415 modo
607 2379 762 2426 longam
788 2381 925 2417 RFD
932 2393 1044 2427 pra,
1070 2383 1122 2418 K.
1142 2383 1178 2427 1,
1207 2382 1302 2427 Otto,
1329 2381 1478 2426 Muell„
1501 2390 1591 2426 pro-

201 2427 389 2464 minulam
415 2428 475 2472 M,
502 2429 553 2464 K.
574 2429 625 2464 11
653 2432 736 2475 (pro
768 2429 882 2465 modo
915 2430 1027 2467 villae
1059 2430 1217 2478 longam
1241 2431 1262 2467 3
1286 2431 1383 2478 disp.
1403 2431 1432 2466 Ι
1445 2439 1487 2476 p.
1513 2430 1590 2475 21).
