1656 2684
172 176 201 219 4
761 168 798 203 C.
828 165 961 202 PLINI

842 281 889 319 V.

409 372 449 406 C.
470 370 667 405 PLINIUS
695 367 914 402 VOCONIO
942 364 1147 399 ROMANO
1175 363 1269 398 SUO
1297 363 1335 396 S.

127 467 147 498 1
272 451 487 495 Vidistine
519 463 781 506 quemquam
814 447 870 490 Μ.
899 446 1068 502 Regulo
1101 443 1388 500 timidiorem,
1419 442 1564 512 humi-

174 516 327 563 liorem
370 515 470 569 post
501 509 741 554 Domitiani
779 507 992 551 mortem?
1035 506 1115 548 sub
1149 519 1236 561 quo
1268 518 1360 548 non
1391 518 1563 548 minora

175 574 342 631 flagitia
385 572 659 616 commiserat
702 584 832 626 quam
876 568 956 611 sub
1000 566 1194 622 Nerone,
1245 565 1322 609 sed
1365 565 1562 610 tectiore..
1607 578 1625 607 s

178 635 331 691 Coepit
356 633 505 688 vereri,
530 647 584 675 ne
611 631 694 674 sibi
714 631 937 684 irascerer3
963 643 1042 671 nec
1062 627 1308 682 fallebatur,
1333 626 1561 670 irascebar.

125 708 151 739 ⁴2
179 695 345 739 Rustici
376 694 557 737 Aruleni
595 692 837 749 periculum
875 691 1062 745 foverat,
1103 688 1375 731 exultaverat
1409 690 1565 743 morte,

178 757 282 800 adeo
310 758 358 798 ut
382 754 542 798 librum
567 753 769 797 recitaret,
787 751 1130 808 publicaretque,
1154 749 1200 792 in
1221 763 1308 805 quo
1328 747 1564 793 Rusticum

179 818 412 860 insectatur
424 818 555 871 atque
569 814 700 857 etiam
714 812 979 856 ‘Stoicorum
993 809 1181 854 simiam'
1195 809 1409 867 appellat3
1428 809 1565 854 adicit

130 889 152 920 3
178 876 430 920 ‘Vitellians
460 875 660 919 cicatrice
686 872 973 931 stigmosum’.
1022 871 1239 929 Agnoscis
1265 870 1563 928 eloquentiam
1591 890 1627 918 ιο

178 937 346 995 Reguli.
418 936 599 980 Lacerat
638 934 906 978 Herennium
949 932 1232 976 Senecionem
1272 934 1365 976 tam
1405 932 1563 977 intem—

178 1000 380 1055 peranter
415 996 607 1053 quidem,
648 999 698 1039 ut
735 996 893 1038 dixerit
931 994 972 1038 ei
1010 994 1189 1037 Mettius
1228 992 1384 1037 Carus:
1426 991 1565 1046 ‘Quid

179 1059 258 1102 tibi
296 1073 394 1101 cum
432 1058 538 1100 meis
578 1056 790 1100 mortuis?
830 1055 1044 1112 numquid
1075 1070 1157 1113 ego
1189 1058 1267 1098 aut
1299 1053 1456 1098 Crasso
1487 1056 1566 1098 aut

180 1118 405 1163 Camerino
443 1119 652 1161 molestus
684 1117 831 1160 sum‘?’
871 1131 980 1172 quos
1013 1116 1085 1159 ille
1118 1116 1198 1159 sub
1230 1115 1408 1160 Nerone
1439 1130 1565 1160 accu-

131 1191 153 1222 4
180 1183 359 1223 saverat.
427 1179 547 1222 Haec
590 1194 658 1221 me
697 1177 890 1235 Regulus
935 1178 1131 1220 dolenter
1166 1177 1322 1220 tulisse
1360 1176 1565 1221 credebat
1590 1197 1627 1224 15

180 1241 381 1296 ideoque,
418 1240 549 1282 etiam
589 1254 687 1283 cum
719 1240 920 1282 recitaret
951 1239 1131 1294 librum,
1169 1253 1260 1282 non
1291 1237 1563 1282 adhibuerat.

181 1301 404 1344 Praeterea
443 1300 819 1355 reminiscebatur,
859 1315 990 1356 quam
1028 1299 1273 1356 capitaliter
1309 1299 1457 1356 ipsum
1494 1314 1565 1343 me

134 1373 154 1404 5
180 1361 293 1418 apud
326 1362 618 1404 centumviros
650 1361 904 1404 lacessisset.
960 1360 1148 1403 Aderam
1182 1359 1461 1416 Arrionillae,
1492 1359 1566 1404 Ti-

182 1422 320 1465 monis
358 1422 503 1477 uxori,
539 1424 696 1479 rogatu
728 1420 910 1464 Aruleni
941 1420 1130 1477 Rustici3
1169 1420 1366 1479 Regulus
1399 1423 1563 1466 contra.

180 1482 436 1525 Nitebamur
467 1497 546 1525 nos
573 1483 619 1525 in
643 1485 766 1538 parte
791 1497 945 1525 causae
971 1482 1186 1526 sententia
1210 1482 1338 1526 Metti
1363 1481 1565 1539 Modesti,
1590 1502 1628 1530 ιο

183 1543 335 1598 optimi
374 1543 471 1585 viri:
512 1544 548 1586 is
585 1546 691 1586 tunc
723 1543 768 1586 in
800 1543 931 1586 exilio
963 1546 1073 1599 erat,
1114 1559 1139 1586 a
1170 1543 1426 1587 Domitiano
1458 1543 1566 1587 rele-

182 1606 319 1659 gatus.
383 1603 494 1646 Ecce
525 1603 605 1646 tibi
637 1603 849 1660 Regulus:
889 1603 1102 1655 ‘Quaero'
1135 1605 1300 1662 inquit,
1330 1603 1566 1661 ‘Secunde

183 1663 286 1719 quid
319 1663 370 1706 de
402 1663 597 1707 Modesto
630 1664 824 1708 sentias'.
888 1665 1042 1720 Vides,
1079 1666 1197 1722 quod
1228 1666 1492 1723 periculum,
1528 1666 1567 1710 si

181 1724 497 1780 respondissem
537 1724 699 1780 ‘bene'‚
738 1726 854 1781 quod
893 1726 1122 1782 flagitium,
1159 1728 1197 1770 si
1229 1726 1398 1770 ‘male'.
1459 1725 1566 1770 Non

182 1799 357 1840 possum
405 1785 544 1828 dicere
588 1785 705 1828 aliud
746 1790 851 1830 tunc
892 1787 999 1830 mihi
1041 1803 1172 1844 quam
1213 1788 1318 1832 deos
1359 1786 1564 1832 adfuisse.
1590 1808 1626 1836 25

183 1844 512 1901 ‘Respondebo'
538 1846 729 1901 inquam,
755 1846 881 1902 ‘quid
906 1848 1104 1904 sentiam,
1129 1849 1166 1892 si
1192 1849 1245 1892 de
1264 1849 1351 1893 hoc
1369 1850 1566 1893 centum-

182 1905 264 1948 viri
290 1906 521 1949 iudicaturi
547 1906 678 1949 sunt'.
724 1906 890 1950 Rursus
916 1909 1008 1951 ille:
1035 1908 1239 1967 ‘Quaero,
1264 1910 1371 1967 quid
1397 1909 1451 1954 de
1469 1909 1567 1954 Mo-

134 1976 155 2007 6
181 1966 303 2009 desto
329 1966 519 2009 sentias’.
552 1966 715 2010 Iterum
742 1982 841 2024 ego:
868 1967 1098 2012 ‘solebant
1122 1973 1254 2014 testes
1274 1971 1323 2015 in
1340 1986 1452 2027 reos,
1474 1985 1567 2014 non

182 2027 227 2069 in
253 2027 480 2070 damnatos
507 2027 798 2085 interrogari'.
831 2028 977 2082 Tertio
998 2031 1089 2073 ille:
1116 2031 1241 2075 ‘Non
1260 2032 1360 2088 iam,
1386 2031 1493 2089 quid
1513 2031 1566 2075 de
1653 2075 1656 2079 ,

135 2097 153 2128 7
182 2087 390 2143 Modesto,
416 2087 490 2130 sed
517 2088 621 2144 quid
645 2091 687 2131 te
714 2089 873 2144 pietate
899 2090 1086 2134 Modesti
1105 2093 1264 2136 sentias
1274 2094 1295 2136 '.
1341 2092 1566 2145 ‘Quaeris'
1591 2115 1628 2142 30
1652 2107 1656 2122 ‘-

180 2147 375 2203 inquam,
414 2147 541 2204 ‘quid
574 2150 775 2205 sentiam3
814 2153 858 2192 at
890 2165 970 2207 ego
1003 2167 1056 2194 ne
1089 2153 1356 2212 interrogare
1388 2154 1565 2211 quidem
1652 2137 1656 2163 ³

279 2284 325 2336 li
358 2279 619 2328 lace<ra>rat
648 2282 779 2318 Madv.
808 2283 912 2327 prob.
948 2285 1100 2329 Muell.,
1137 2286 1219 2322 vide
1253 2287 1396 2334 Mayor
1428 2287 1564 2324 Journ.
1651 2306 1656 2332 4

179 2330 225 2371 of
251 2328 385 2364 Phalol.
414 2329 526 2365 XIII
558 2332 643 2364 230.
769 2334 814 2365 13
847 2332 914 2366 aut
946 2332 1001 2367 Cr.
1031 2334 1243 2379 RFpra,
1283 2336 1383 2382 Otto,
1419 2335 1566 2382 Stanql,
1650 2334 1656 2360 '=

181 2378 248 2411 aut
280 2388 349 2412 om.
376 2378 427 2414 M
439 2377 516 2413 VD
530 2386 569 2422 ς,
605 2378 654 2414 K.
713 2382 756 2413 21
791 2380 873 2414 tum
908 2381 1036 2417 RFr.
1095 2386 1140 2418 26
1174 2383 1269 2428 quid
1295 2385 1462 2421 sentiam
1493 2395 1564 2420 om.

182 2426 231 2461 M
244 2425 365 2478 IsDr,
391 2426 441 2462 K.
488 2430 534 2475 3⁰
559 2426 703 2462 sentias
734 2438 874 2472 quaero
896 2429 1047 2474 quaeris
1069 2431 1119 2467 M
1131 2431 1203 2475 Vs,
1230 2432 1280 2468 K.
1301 2434 1358 2470 ΙΙ.
1404 2437 1450 2470 31
1471 2432 1567 2479 quid

179 2475 340 2509 sentiam
365 2474 434 2510 del.
455 2474 598 2521 Stanql.
