1624 2678
152 140 238 183 174
744 135 780 171 e.
810 134 944 171 mm

148 250 248 305 plus
287 249 546 303 collaturus,
588 247 674 290 nisi
706 263 731 290 a
762 246 1023 290 verecundia
1064 249 1142 290 tua
1183 247 1278 290 sola
1314 246 1544 291 mediocri-

148 313 238 353 tate
279 309 525 352 munusculi
566 308 792 363 impetrari
831 322 959 364 posse
999 307 1286 364 confiderem,
1329 323 1385 351 ne
1422 323 1543 352 recu-

149 385 278 413 sares.
343 370 463 412 Vale.

506 446 680 496 ·νν·”·,(,
748 432 935 472 XXXIII.

181 470 376 540 ’'stads‘'
399 454 539 541 stfiac·
562 507 762 541 PLINIUS
789 507 995 541 ROMANO
1025 508 1118 542 SUO
1148 509 1185 542 S.

215 576 411 619 Tollite
444 579 651 631 cuncta,
684 575 877 631 inquit,
910 579 1236 632 coeptosque
1268 577 1472 621 auferte

733 637 960 680 labores!

149 697 233 741 Seu
278 698 431 742 scribis
477 697 643 754 aliquid
690 713 766 741 seu
809 698 938 756 legis,
990 699 1110 755 tolli,
1160 699 1322 743 auferri
1366 699 1468 743 iube
1500 702 1544 743 et

147 759 293 815 accipe
326 759 567 802 orationem
606 773 767 813 meam,
806 762 856 802 ut
894 759 972 802 illa
1010 775 1150 816 arma,
1187 759 1383 804 divinam
1415 760 1543 819 (num

147 820 375 875 superbius
417 817 609 878 potui?)‚
657 835 702 862 re
745 835 846 863 vera
891 823 941 863 ut
983 821 1099 864 inter
1136 836 1254 865 meas
1271 819 1274 822 ’
1291 820 1542 879 pulchram3

99 894 118 924 2
147 896 246 924 nam
292 880 399 923 mihi
445 882 550 924 satis
596 883 662 924 est
705 884 868 924 certare
920 897 1103 926 mecum.
1166 881 1250 926 Est
1299 883 1409 927 haec
1458 898 1540 940 pro

147 942 269 985 Attia
294 941 476 996 Viriola,
509 944 553 985 et
584 941 799 999 dignitate
831 957 1044 999 personae
1071 946 1115 987 et
1140 944 1331 1002 exempli
1362 945 1543 988 raritate

147 1006 189 1045 et
215 1002 365 1046 iudicii
390 1002 692 1060 magnitudine
719 1003 916 1061 insignis.
980 1004 1097 1048 Nam
1123 1004 1289 1049 femina
1314 1005 1543 1063 splendide

146 1067 266 1119 nata,
296 1066 436 1120 nupta
467 1064 688 1120 praetorio
721 1065 836 1120 viro,
874 1065 1136 1109 exheredata
1167 1066 1223 1109 ab
1257 1067 1541 1125 octogenario

146 1127 269 1180 patre
294 1125 410 1167 intra
438 1125 637 1168 undecim
665 1125 774 1182 dies,
801 1141 933 1182 quam
959 1127 1034 1170 ille
1060 1142 1296 1171 novercam
1322 1128 1363 1171 ei
1394 1143 1543 1172 amore

146 1188 299 1241 captus
331 1186 578 1242 induxerat,
612 1187 888 1243 quadruplici
920 1188 1084 1232 iudicio
1117 1188 1234 1232 bona
1259 1191 1443 1246 paterna
1478 1205 1542 1233 re·

147 1246 333 1302 petebat.
397 1245 616 1290 Sedebant
661 1251 836 1291 centum
882 1251 924 1291 et
971 1250 1199 1307 octoginta
1242 1250 1410 1294 iudices
1455 1249 1543 1308 (tot

148 1308 262 1350 enim
296 1309 504 1363 quattuor
543 1308 736 1352 consiliis
778 1309 1088 1367 colliguntur),
1131 1311 1287 1370 ingens
1319 1312 1542 1369 utrimque

147 1368 373 1411 advocatio
413 1372 456 1412 et
486 1384 720 1412 numerosa
759 1371 985 1427 subsellia,
1024 1374 1250 1429 praeterea
1288 1372 1422 1417 densa
1461 1372 1542 1417 cir-

148 1430 460 1472 cumstantium
516 1445 676 1473 corona
728 1432 992 1476 latissimum
1047 1433 1260 1477 iudicium
1305 1434 1542 1491 multiplici

149 1490 310 1532 circulo
361 1490 563 1534 ambibat.
627 1491 698 1534 Ad
748 1492 833 1536 hoc
883 1494 1096 1550 stipatum
1146 1494 1360 1551 tribunal,
1411 1498 1542 1552 atque

149 1550 279 1593 etiam
315 1566 368 1593 ex
409 1553 631 1608 superiore
672 1553 878 1597 basilicae
922 1557 1047 1611 parte
1093 1570 1180 1611 qua
1223 1556 1411 1600 feminae
1456 1571 1543 1613 qua

148 1611 231 1653 viri
258 1614 301 1654 et
326 1612 545 1669 audiendi,
579 1614 695 1670 quod
722 1614 922 1671 difficile,
953 1619 1016 1671 et,
1049 1617 1167 1672 quod
1192 1617 1342 1673 facile,
1372 1617 1542 1661 visendi

149 1672 294 1714 studio
330 1672 610 1717 inminebant.
674 1674 834 1733 Magna
866 1677 1114 1733 expectatio
1146 1680 1342 1734 patrum,
1381 1683 1542 1736 magna

148 1732 358 1788 filiarum,
389 1748 549 1791 magna
574 1735 704 1778 etiam
731 1751 1032 1781 novercarum.
1090 1737 1276 1783 Secutus
1303 1741 1371 1783 est
1394 1740 1542 1784 varius

150 1796 342 1836 eventus.
403 1793 518 1837 Nam
552 1796 721 1839 duobus
755 1799 949 1843 consiliis
976 1799 1180 1855 vicimus,
1218 1799 1404 1844 totidem
1437 1801 1544 1844 victi

150 1869 311 1898 sumus.
374 1853 594 1899 Notabilis
635 1873 813 1913 prorsus
858 1862 902 1902 et
947 1860 1058 1903 mira
1114 1860 1265 1904 eadem
1311 1862 1359 1904 in
1401 1876 1543 1915 causa,

149 1914 286 1958 isdem
337 1914 574 1972 iudicibus,
636 1919 772 1961 isdem
836 1920 1078 1978 advocatis,
1139 1922 1292 1966 eodem
1343 1925 1544 1980 tempore

148 1978 272 2019 tanta
303 1975 541 2020 diversitas.
605 1978 779 2022 Accidit
819 1995 939 2036 casu,
986 1983 1103 2038 quod
1139 1998 1230 2026 non
1267 1997 1393 2027 casus
1424 1983 1544 2027 vide-

247 2063 269 2094 6
292 2059 395 2106 Very.
417 2060 511 2096 Aen.
532 2060 635 2096 VIII
653 2065 735 2098 439.
838 2067 858 2098 9
879 2064 937 2100 illi
959 2075 1027 2101 ςα.
1122 2067 1176 2102 ’15
1197 2065 1263 2102 ille
1283 2077 1486 2103 novercam
1507 2068 1542 2103 ei

150 2108 339 2153 Dpras,
368 2108 463 2152 Otto,
491 2110 637 2154 Muell„
663 2109 721 2146 illi
748 2123 948 2149 novercam
976 2115 1035 2159 M,
1064 2115 1114 2150 K.
1234 2118 1280 2151 18
1305 2115 1543 2162 colliguntur

150 2157 201 2192 M
206 2165 277 2201 νς,
311 2157 376 2201 Κ.,
408 2157 557 2204 Stanal,
590 2158 881 2196 conscribuntur
912 2163 1040 2208 Dpa,
1074 2163 1222 2208 G'atan„
1258 2163 1359 2208 Otto,
1391 2165 1540 2209 Muell„

149 2205 326 2252 ambiyua
351 2206 581 2252 disceptatio,
611 2207 657 2251 cf.
687 2208 723 2243 V
743 2212 777 2252 7,
803 2213 826 2245 4
853 2212 1138 2248 contrahentur.
1240 2211 1312 2248 29⁸
1339 2212 1542 2249 diversitas

150 2264 227 2290 acc.
249 2264 341 2289 casu
362 2255 464 2300 quod
485 2254 593 2300 (quid
605 2267 636 2299 r,
657 2256 811 2300 quidem
827 2260 870 2304 p)
890 2271 967 2295 non
988 2262 1078 2306 (non
1098 2260 1202 2306 quod
1222 2261 1286 2307 M)
1307 2271 1418 2297 casus
1438 2261 1542 2298 vide·

149 2303 255 2339 retur
280 2302 446 2347 (videtur
465 2305 500 2348 ς)
521 2303 640 2348 codd„
667 2304 741 2341 div.
769 2317 846 2342 acc.
868 2319 960 2343 casu
988 2309 1155 2354 quidem,
1182 2309 1251 2346 sed
1269 2321 1346 2346 non
1366 2312 1411 2346 ut
1429 2321 1541 2346 casus

148 2350 343 2388 videretur
361 2352 544 2396 Sichard„
571 2351 646 2389 div.
668 2364 746 2390 acc.
767 2366 869 2397 casu,
900 2368 975 2392 non
1003 2358 1106 2403 quod
1132 2369 1242 2394 casus
1261 2357 1458 2395 videretur
1476 2360 1543 2404 K.‚

149 2399 224 2436 div.
251 2411 329 2436 acc.
351 2411 454 2445 casu,
481 2401 585 2447 quod
603 2412 681 2437 non
700 2414 730 2438 c.
751 2415 785 2441 v.
809 2404 891 2441 Otto
911 2408 995 2450 303,
1023 2406 1096 2441 div.
1120 2405 1274 2451 accidit,
1296 2418 1398 2452 casu,
1419 2420 1482 2454 qu.
1503 2421 1540 2445 n.

149 2459 180 2484 c.
194 2460 228 2485 v.
244 2449 389 2493 Muell„
405 2449 618 2486 diversitas.
656 2450 807 2487 Accidit
828 2464 929 2498 casu,
952 2466 1012 2499 qu.
1030 2467 1066 2491 n.
1081 2467 1111 2491 c.
1126 2468 1159 2491 v.
1176 2467 1251 2502 eqo,
1265 2457 1312 2501 cf.
1328 2457 1396 2493 IX
1409 2459 1466 2502 13,
1477 2460 1540 2494 24.

1569 836 1605 863 1⁰

1569 1141 1604 1169 15

1568 1754 1604 1781 25
