1630 2678
168 145 255 189 114
754 140 792 178 c,
818 139 952 177 Pmm

117 267 138 299 2
164 256 304 300 multa
346 270 444 299 eum
489 253 586 297 bile.
662 252 847 309 Aliquot
890 251 1016 295 annis
1060 253 1169 307 puto
1219 249 1334 295 nihil
1377 251 1550 310 generis

165 316 356 361 eiusdem
387 314 627 359 absolutius
665 313 894 370 seriptum,
938 312 1024 356 nisi
1061 312 1175 356 forte
1213 327 1284 357 me
1321 311 1438 357 fallit
1474 315 1552 356 aut

117 388 139 421 8
165 392 287 421 amor
317 378 427 432 eius,
463 378 540 418 aut
571 374 687 431 quod
719 374 864 430 ipsum
897 388 965 417 me
1002 373 1206 417 laudibus
1237 373 1370 418 vexit.
1432 372 1550 418 Nam

163 438 322 482 lemma
352 437 436 480 sibi
468 435 667 492 sumpsit,
698 434 816 491 quod
848 449 930 493 ego
962 433 1182 478 interdum
1207 434 1406 479 versibus
1429 435 1550 479 ludo.

164 498 309 555 Atque
340 497 446 541 adeo
477 496 627 540 iudicii
659 496 743 539 mei
775 498 818 539 te
849 495 1038 540 iudicem
1069 495 1248 553 faciam,
1285 495 1324 540 si
1353 494 1465 540 mihi
1497 511 1551 540 ex
1577 509 1594 538 ο

163 560 247 603 hoo
277 559 373 616 ipso
405 559 608 602 lemmate
640 557 855 601 secundus
881 571 1032 600 versus
1059 555 1317 615 occurrerit3
1346 571 1451 602 nam
1483 572 1552 602 oe-

163 623 278 663 teros
310 622 436 663 teneo
469 621 513 662 et
543 619 631 662 iam
663 618 864 675 explicui.

115 741 138 772 4
284 728 445 773 Canto
479 728 707 772 carmina
738 728 976 771 versibus
1009 727 1247 784 minutis,

282 790 362 833 his
396 789 519 833 olim
552 788 740 846 quibus
774 791 823 832 et
855 804 997 832 meus
1032 787 1275 834 Catullus

284 854 333 894 et
365 849 551 894 Calvus
583 853 903 906 veteresque.
971 849 1067 893 Sed
1102 849 1227 907 quid
1258 849 1320 894 ad
1351 850 1447 895 mei
1577 861 1615 894 ιο

282 911 426 957 Unus
458 911 665 954 Plinius
697 911 778 954 his
811 910 940 954 mihi
972 911 1118 967 prior
1149 911 1239 956 sit:

283 973 482 1017 mavult
512 973 803 1016 versiculos
834 972 948 1015 foro
981 972 1190 1016 relicto⁴

285 1037 334 1078 et
366 1033 585 1089 quaerit,
617 1033 753 1089 quod
785 1035 937 1090 amet,
968 1036 1226 1090 putatque
1258 1033 1436 1078 amari.
1459 1069 1472 1077 κ

284 1095 381 1138 Ille
414 1109 439 1138 o
471 1093 697 1150 Plinius,
727 1094 820 1137 ille
854 1097 980 1151 quot
1013 1093 1257 1140 Catones!

283 1154 306 1198 Ι
335 1170 488 1211 nuno,
522 1155 610 1211 qui
642 1155 833 1212 sapias,
866 1171 1035 1199 amare
1066 1155 1190 1200 noli.
1579 1153 1628 1200 ιε’

117 1273 138 1306 5
164 1266 318 1322 Vides,
349 1280 480 1321 quam
512 1267 640 1308 acuta
666 1266 830 1321 omnia,
863 1280 994 1322 quam
1020 1268 1142 1323 apta,
1176 1281 1309 1323 quam
1335 1281 1552 1323 expressa.

164 1325 234 1369 Ad
265 1326 383 1370 hune
413 1328 591 1384 gustum
624 1328 767 1370 totum
792 1327 954 1370 librum
979 1326 1259 1384 repromitto,
1293 1342 1426 1384 quem
1456 1327 1552 1384 tibi,

165 1390 215 1430 ut
244 1387 431 1444 primum
465 1387 770 1443 publicaverit,
804 1387 1028 1432 exhibebo.
1091 1387 1275 1432 Interim
1306 1403 1406 1432 ama
1436 1388 1554 1432 iuve-
1626 1395 1630 1400 '

165 1463 263 1492 nem
297 1451 340 1491 et
370 1448 641 1504 temporibus
672 1449 834 1491 nostris
873 1450 1094 1507 gratulare
1130 1465 1212 1507 pro
1250 1450 1430 1508 ingenio
1461 1449 1556 1506 tali,
1628 1478 1630 1482 .

169 1508 284 1564 quod
315 1508 388 1551 ille
414 1509 607 1552 moribus
635 1509 829 1552 adornat.
892 1510 1016 1554 Vivit
1049 1526 1150 1554 oum
1177 1509 1413 1568 Spurinna,
1443 1510 1554 1555 vivit
1578 1521 1630 1566 so}-

169 1583 267 1612 oum
286 1568 522 1625 Antonino,
555 1584 742 1626 quorum
769 1571 894 1614 alteri
919 1571 1090 1628 adfinis,
1120 1572 1298 1629 utrique
1324 1572 1555 1616 contuber-
1627 1572 1630 1580 '

122 1638 143 1670 6
167 1630 279 1673 nalis
311 1633 386 1672 est.
436 1629 581 1673 Possis
614 1646 667 1673 ex
697 1631 783 1675 hoe
814 1632 956 1676 faeere
989 1634 1301 1689 coniecturam,
1331 1647 1464 1690 quam
1496 1633 1556 1678 sit
1627 1647 1630 1677 ς

170 1689 418 1733 emendatus
460 1691 729 1747 adulescens,
774 1693 849 1749 qui
890 1708 916 1735 a
956 1693 1228 1751 gravissimis
1270 1694 1448 1739 senibus
1490 1694 1555 1738 sie
1625 1682 1630 1727 !

170 1753 349 1794 amatur.
411 1750 493 1794 Est
525 1752 639 1794 enim
672 1752 781 1795 illud
812 1754 1107 1799 verissimum:
1624 1754 1630 1800 ἰ

918 1840 1219 1897 γινώσκων,
1251 1840 1335 1885 ὅτι
1579 1853 1630 1897 ²⁸*

309 1897 552 1947 τοιοῦτός
584 1895 750 1954 ἐστιν,
783 1893 966 1957 οἷςπερ
997 1901 1187 1958 ἥδεται
1218 1901 1412 1946 συνών.
1628 1912 1630 1921 “

169 1968 291 2013 Vale.
1624 1968 1630 1997 ¹

268 2115 288 2147 3
324 2123 384 2147 me
419 2112 488 2157 ips.
526 2113 718 2159 RFpra.
892 2121 911 2152 6
948 2120 1124 2154 occurrat
1159 2119 1264 2164 MV,-
1299 2117 1466 2155 oecurrit
1499 2118 1553 2156 D.
1624 2078 1630 2172 1

171 2161 241 2196 11⁸
263 2160 378 2196 unius
400 2161 440 2196 V.
467 2182 513 2187 —
540 2162 597 2197 est
622 2162 718 2198 mihi
742 2164 886 2209 priores
913 2166 1065 2211 (prioris
1087 2169 1138 2204 M
1149 2168 1198 2214 V)
1225 2167 1344 2214 codd„
1369 2167 1465 2212 edd„
1491 2167 1553 2203 his
1624 2180 1630 2211 ῑ

167 2209 264 2245 mihi
290 2208 394 2255 prior
419 2208 470 2244 sit
483 2220 569 2265 ,⁰9⁰³
594 2211 640 2255 cf.
665 2212 820 2257 V1120,
839 2216 862 2249 6
887 2214 982 2250 mihi
1007 2215 1164 2261 primus.
1278 2219 1323 2252 18
1350 2216 1475 2253 amari
1498 2216 1556 2253 vel
1622 2219 1630 2275 j

169 2268 297 2294 amare
329 2258 445 2301 codd„
479 2259 659 2304 iuvatque
692 2271 820 2297 amare
852 2270 885 2306 ς,
921 2263 1135 2310 probatque
1171 2265 1294 2301 amari
1328 2265 1553 2309 Gaeaubon„
1623 2270 1630 2310 ξ·

166 2306 232 2344 sed
255 2307 304 2351 cf.
327 2306 432 2342 VIII
445 2308 506 2351 21,
525 2309 548 2342 5
569 2311 603 2343 et
621 2308 687 2344 IX
703 2311 764 2353 33,
782 2312 815 2345 6.
923 2316 967 2347 14
994 2323 1015 2348 o
1042 2324 1111 2349 om.
1139 2314 1306 2360 RFpa.
1413 2317 1459 2350 15
1486 2313 1554 2359 qui
1611 2311 1614 2315 ’

168 2354 295 2401 sapias
321 2366 364 2410 a,
391 2354 476 2391 Otto
500 2357 584 2399 301,
617 2357 764 2402 Muell„
794 2358 966 2405 quisquis
999 2361 1107 2407 apiae
1133 2362 1183 2406 R,
1216 2361 1391 2408 quisquis
1422 2362 1553 2408 sapias

167 2404 281 2450 Fpr,
301 2403 474 2449 quisquis
493 2414 600 2439 amas
615 2405 710 2440 MD
721 2414 754 2450 ς,
775 2407 838 2451 K.,
858 2408 1018 2454 quisque
1039 2420 1146 2445 amas
1165 2411 1205 2448 V.
1282 2414 1328 2447 25
1348 2410 1554 2458 Euripidis

166 2463 304 2497 versus,
329 2453 376 2497 cf.
403 2452 540 2489 Nauck
563 2453 697 2500 fraym.
723 2458 818 2501 tray.
844 2467 963 2502 yraec.
984 2469 1025 2504 p.
1047 2461 1132 2496 490.
