1716 2742
543 144 907 182 EPISTULARUM
935 150 1094 183 24-30.
1436 150 1526 194 277

96 259 212 317 lino,
251 258 424 318 optimo
457 259 574 318 viro,
616 259 808 318 iussisti,
852 260 940 304 sibi
973 276 1153 319 quoque
1185 262 1423 307 confirmat
1454 279 1528 307 ne-

98 321 314 367 cessarios
367 337 463 367 esse
514 322 680 367 milites
726 338 814 367 sex.
881 323 989 367 Tres
1042 324 1242 382 interim,
1283 325 1411 370 'sicut
1461 326 1528 370 in-

97 398 326 442 veneram,
371 385 419 428 in
464 385 714 430 ministerio
761 386 856 430 eius
900 387 1219 444 relinquendos
1262 387 1528 446 existimavi,

97 447 363 506 praesertim
405 462 509 492 cum
552 448 608 492 ad
649 448 927 492 frumentum
970 450 1322 507 comparandum
1363 451 1449 495 iret
1480 451 1529 494 in

53 522 72 550 5
98 509 469 569 Paphlagoniam.
515 509 635 563 Quin
667 511 800 555 etiam
834 512 1003 556 tutelae
1037 527 1187 570 causa,
1222 513 1328 570 quia
1360 513 1424 557 ita
1457 514 1529 557 de-

97 571 340 630 siderabat,
367 572 519 617 addidi
545 573 657 617 duos
686 574 870 631 equites.
916 573 970 618 In
990 575 1205 630 futurum,
1227 576 1335 633 quid
1362 575 1529 620 servari

96 635 222 693 velis,
254 650 367 694 rogo
400 635 630 680 rescribas.

567 753 761 793 XXVIII.
799 751 1048 806 [XXXVII]

575 842 830 877 TRAIANUS
857 843 1048 877 PLINIO.

34 923 71 951 10
190 909 326 956 Nunc
378 911 559 969 quidem
610 913 970 970 proficiscentem
1031 914 1086 957 ad
1145 914 1527 972 comparationem

96 972 427 1019 frumentorum
458 974 725 1033 Maximum,
767 976 980 1020 libertum
1014 992 1182 1034 meum,
1224 979 1344 1021 recte
1377 977 1528 1021 militi-

96 1035 180 1080 bus
207 1036 473 1081 instruxisti.
513 1037 805 1097 Fungebatur
831 1040 951 1083 enim
979 1042 1023 1083 et
1049 1039 1146 1097 ipse
1173 1039 1527 1084 extraordinario

95 1113 291 1143 munere.
357 1098 470 1144 Oum
522 1100 579 1144 ad
629 1101 872 1158 pristinum
924 1105 1075 1146 actum
1125 1117 1328 1147 reversus
1381 1102 1528 1158 fuerit,

96 1160 325 1206 sufficient
355 1161 425 1207 illi
451 1162 540 1207 duo
575 1179 601 1207 a
632 1166 677 1207 te
705 1163 798 1208 dati
824 1164 989 1209 milites
1017 1167 1061 1209 et
1093 1165 1282 1209 totidem
1316 1181 1342 1208 a
1368 1164 1527 1209 Virdio

33 1237 70 1265 15
97 1221 366 1283 Gemellino,
398 1228 691 1283 procuratore
724 1242 843 1284 meo,
878 1242 1011 1284 quem
1045 1227 1238 1272 adiuvat.

579 1355 727 1395 XXIX.
766 1354 1042 1408 [XXXVIII]

373 1442 416 1477 C.
434 1443 642 1478 PLINIUS
670 1445 894 1479 TRAIANO
923 1445 1258 1479 IMPERATORI.

190 1510 484 1583 Sempronius
529 1512 783 1571 Caelianus,
836 1515 1042 1574 egregius
1085 1515 1279 1573 iuvenis,
1325 1518 1526 1573 repertos

94 1574 214 1619 inter
252 1575 423 1620 tirones
466 1576 579 1620 duos
622 1592 774 1621 servos
819 1578 943 1621 misit
985 1577 1040 1621 ad
1083 1593 1174 1635 me;
1215 1592 1408 1635 quorum
1441 1593 1525 1637 ego

31 1651 68 1678 20
95 1637 370 1696 supplicium
403 1638 576 1693 distuli,
616 1642 668 1683 ut
705 1642 750 1684 te
790 1641 1071 1684 conditorem
1114 1639 1378 1698 disciplinae
1411 1641 1527 1685 mili-

93 1701 204 1744 taris
230 1700 596 1759 firmatoremque
623 1704 904 1747 consulerem
932 1703 985 1747 de
1012 1702 1148 1747 modo
1175 1718 1359 1761 poenae.
1423 1702 1527 1762 Ipse

94 1762 214 1807 enim
251 1763 408 1808 dubito
449 1764 507 1808 ob
544 1764 632 1809 hoc
669 1765 886 1822 maxime,
928 1766 1066 1823 quod,
1112 1767 1164 1809 ut
1198 1766 1290 1810 iam
1322 1766 1528 1810 dixerant

94 1828 372 1870 sacramento
406 1827 609 1884 militari,
643 1827 706 1871 ita
738 1828 939 1872 nondum
973 1828 1203 1872 distributi
1234 1829 1283 1872 in
1314 1844 1526 1873 numeros

94 1891 232 1932 erant.
283 1887 400 1941 Quid
428 1904 534 1948 ergo
558 1889 742 1934 debeam
770 1891 915 1948 sequi,
948 1906 1079 1950 rogo,
1113 1890 1311 1949 domine,
1346 1892 1528 1948 scribas,

30 1964 67 1992 π
92 1951 358 2008 praesertim
391 1966 494 1996 cum
526 1952 751 2009 pertineat
783 1953 839 1996 ad
873 1954 1141 2010 exemplum.

614 2069 740 2109 XXX.
777 2066 1003 2122 [XXXIX]

571 2158 828 2193 TRAIANUS
855 2159 1047 2194 PLINIO.

189 2224 445 2270 Secundum
473 2227 684 2271 mandata
710 2243 809 2272 mea
834 2229 943 2273 fecit
971 2228 1265 2286 Sempronius
1288 2227 1522 2273 Caelianus

94 2288 313 2333 mittendo
347 2289 403 2333 ad
436 2291 480 2333 te
514 2304 609 2347 eos,
643 2290 698 2334 de
732 2291 895 2348 quibus
929 2291 1142 2350 cognosci
1176 2291 1422 2349 oportebit,
1465 2307 1523 2335 an

194 2428 216 2460 2
243 2424 409 2470 milites,
445 2435 492 2461 ex
519 2424 581 2461 his
608 2425 787 2471 interim,
823 2427 926 2462 sicut
958 2426 1183 2463 inveneram
1211 2426 1306 2472 Ba,
1339 2427 1521 2464 lacwnam

93 2474 244 2511 indicat
270 2475 337 2520 K.,
370 2474 518 2511 milites
546 2486 623 2512 sex.
677 2475 764 2512 Tris
791 2475 969 2521 interim,
1004 2477 1071 2513 sic.
1105 2477 1182 2513 inv.
1212 2477 1389 2514 Momms.
1410 2478 1520 2524 prob.

93 2525 222 2562 Hard.
325 2527 372 2560 23
401 2536 497 2562 sacr.
519 2525 578 2562 ita
603 2526 721 2563 nond.
743 2527 794 2571 B,
821 2538 916 2563 sacr.
938 2526 1089 2563 militar
1115 2527 1129 2563 i
1155 2527 1273 2563 nond.
1301 2539 1337 2563 a.

1534 2233 1570 2324 ρ
