1716 2742
229 123 320 168 390
769 140 771 142 -
840 118 879 156 o,
906 118 1044 156 PLIM

227 236 368 281 donec
393 238 438 280 te
466 234 642 294 saepius
671 235 902 279 consulem
929 234 1120 279 videant.
1172 233 1332 292 Neque
1360 233 1478 279 enim
1505 236 1657 292 potest

224 315 317 344 non
362 298 552 343 nimium
605 313 700 342 esse
751 297 960 356 privatis,
1013 297 1133 356 quod
1179 297 1375 356 principi
1422 297 1530 342 satis
1576 300 1655 342 est.

223 363 421 419 Adnuas,
450 360 628 419 Caesar,
657 361 936 420 optantibus,
965 361 1218 418 quibusque
1235 361 1354 418 apud
1375 360 1480 405 deos
1502 359 1655 405 adesse

224 425 463 482 consuesti,
492 439 684 482 quorum
711 426 839 481 potes
867 425 964 482 ipse
991 426 1215 479 votorum,
1243 426 1475 482 compotes
1501 423 1653 468 facias.

147 483 207 531 ’79
222 487 325 532 Tibi
344 488 535 532 fortasse
556 487 754 532 sufficiat
773 487 933 532 tertius
962 487 1242 544 consulatue,
1277 486 1354 531 sed
1374 486 1504 531 nobis
1525 488 1652 531 tanto

222 551 371 596 minus
400 550 580 596 sufficit.
619 550 702 594 Ille
729 565 812 595 nos
833 550 1032 595 instituit
1053 552 1098 594 et
1125 549 1316 607 induxit,
1340 551 1392 594 ut
1418 552 1463 594 te
1488 549 1653 594 iterum

172 624 193 656 2
221 614 473 672 iterumque
501 614 731 659 consulem
759 613 923 658 habere
944 613 1189 671 cupiamus.
1256 611 1505 657 Remissius
1532 612 1653 657 istud

222 677 611 735 contenderemus,
654 677 691 721 si
725 676 872 721 adhuc
911 676 1205 733 nesciremus,
1247 675 1393 733 qualis
1434 690 1552 721 esses
1586 675 1653 719 fu-

219 743 366 785 turus:
399 740 681 785 tolerabilius
714 739 803 784 fuit
842 739 1199 798 experimentum
1238 738 1306 782 tui
1344 738 1476 783 nobis
1517 753 1652 796 quam

170 813 191 846 3
219 819 352 848 usum
379 804 547 863 negari.
593 802 845 847 Dabiturne
872 817 1027 847 rursus
1055 802 1204 846 videre
1232 802 1464 846 consulem
1491 801 1652 846 illum?

218 865 405 924 Audiet,
437 866 594 911 reddet
626 881 736 923 quas
769 866 974 923 proxime
1006 880 1140 910 voces
1173 864 1512 923 praestabitque
1546 879 1652 924 gau-

219 929 362 988 dium,
409 931 627 989 quantum
673 929 770 988 ipse
815 927 1067 987 percipiet?
1127 927 1410 972 Praesidebit
1452 928 1652 972 laetitiae

219 992 426 1051 publicae
447 995 605 1038 auctor
631 992 727 1037 eius
754 994 799 1036 et
826 1007 961 1037 causa
987 991 1317 1049 temptabitque
1344 990 1547 1036 adfectus
1573 1006 1651 1035 no-

167 1066 190 1100 4
218 1059 355 1114 stros,
380 1058 432 1100 ut
459 1057 591 1114 solet,
620 1054 859 1100 cohibere?
884 1070 977 1100 non
1003 1055 1183 1114 poterit.
1217 1054 1323 1099 Erit
1341 1053 1502 1112 pietati
1528 1069 1651 1099 sena-

217 1121 290 1163 tus
312 1134 415 1164 cum
435 1118 657 1164 modestia
676 1118 894 1177 principis
916 1118 1026 1163 felix
1047 1117 1390 1176 speciosumque
1411 1119 1651 1176 certamen,

218 1198 295 1227 seu
322 1182 461 1227 fuerit
486 1182 607 1227 victa
634 1197 711 1227 seu
738 1182 908 1227 vicerit.
953 1181 1178 1240 Equidem
1204 1179 1483 1240 incognitam
1511 1195 1649 1239 quan-

216 1245 317 1290 dam
363 1246 659 1304 proximaque
702 1245 918 1289 maiorem
960 1259 1199 1302 praesumo
1242 1243 1475 1288 laetitiam.
1538 1242 1648 1297 Quis

217 1309 336 1353 enim
358 1311 427 1353 est
452 1311 545 1353 tam
573 1308 788 1353 imbecilli
814 1307 1003 1367 ingenii,
1039 1307 1116 1366 qui
1142 1322 1235 1352 non
1260 1309 1389 1352 tanto
1416 1305 1649 1351 meliorem

167 1382 188 1416 5
216 1372 447 1416 consulem
491 1374 658 1430 speret,
703 1374 872 1429 quanto
917 1371 1094 1429 saepius
1137 1369 1307 1414 fuerit?
1358 1368 1489 1414 Alius
1533 1385 1580 1415 se
1622 1386 1649 1414 a

216 1435 431 1480 continuo
458 1435 632 1492 labore,
661 1435 744 1479 etsi
770 1449 864 1478 non
885 1434 1080 1479 desidiae
1102 1448 1154 1478 ac
1173 1432 1484 1491 voluptatibus
1505 1432 1648 1477 dedis-

215 1501 296 1557 set,
317 1498 409 1543 otio
431 1501 583 1542 tamen
604 1500 650 1542 et
670 1498 820 1555 quiete
833 1499 1089 1554 recreasset,
1109 1497 1185 1541 hic
1200 1496 1513 1541 consularibus
1527 1496 1647 1541 curis

214 1562 446 1606 exsolutus
486 1561 758 1620 principales
798 1560 1041 1618 resumpsit
1074 1563 1166 1604 tam
1202 1559 1393 1619 diligens
1426 1561 1648 1630 tempera-

215 1625 376 1682 menti,
410 1627 462 1668 ut
493 1639 577 1669 nec
611 1623 808 1669 consulis
843 1623 1046 1668 officium
1080 1623 1290 1694 princeps
1315 1637 1401 1667 nec
1426 1622 1646 1681 principis

164 1698 185 1732 6
214 1689 372 1733 consul
399 1687 640 1746 adpeteret
693 1687 930 1744 Videmus,
963 1689 1015 1730 ut
1039 1686 1373 1744 provinciarum
1402 1685 1646 1744 desideriis,

213 1753 264 1795 ut
284 1751 563 1813 singularum
585 1751 720 1795 etiam
743 1750 994 1795 civitatium
1014 1749 1221 1808 precibus
1243 1751 1459 1794 occurrat.
1505 1747 1647 1793 Nulla

213 1815 260 1858 in
306 1814 526 1859 audiendo
574 1814 839 1871 difficultas,
884 1814 1010 1857 nulla
1055 1813 1104 1857 in
1147 1811 1460 1871 respondendo
1507 1826 1644 1857 mora.

214 1876 396 1922 Adeunt
416 1877 590 1935 statim,
620 1876 910 1921 dimittuntur
930 1876 1108 1934 statim,
1133 1876 1406 1933 tandemque
1426 1874 1644 1934 principis

135 1937 330 1987 80fores
364 1941 546 1985 exclusa
577 1913 857 1999 legationum
891 1940 1024 1984 turba
1055 1954 1148 1983 11011
1183 1938 1368 1983 obsidet.
1415 1937 1564 1991 Quid?
1597 1937 1645 1982 in

213 2003 422 2049 omnibus
450 2003 787 2063 cognitionibus
816 2018 950 2062 quam
972 2002 1096 2047 mitis
1124 2002 1356 2059 severitas,
1390 2016 1524 2059 quam
1550 2016 1644 2046 non

311 2120 333 2152 3
361 2116 499 2153 adesse
524 2116 639 2163 vuly„
667 2126 751 2152 esse
779 2115 820 2161 0,
841 2115 1065 2162 Romaeque
1086 2125 1127 2161 Ρ.
1148 2115 1229 2152 255
1249 2118 1285 2151 et
1303 2115 1391 2152 233.
1495 2116 1543 2151 14
1569 2123 1642 2150 nec

210 2166 382 2213 poterit?
420 2166 472 2203 K
508 2178 526 2203 e
559 2166 647 2203 dett.
675 2166 783 2203 codd.
816 2187 867 2193 -—
903 2165 978 2202 erit
1013 2165 1102 2202 add.
1134 2165 1260 2212 Lips„
1296 2164 1453 2210 Baehr.,
1490 2163 1642 2209 Muell„

210 2217 433 2264 Bornecque
454 2228 495 2264 Ρ
512 2219 594 2274 ,207
616 2218 825 2262 01233.-
846 2216 942 2264 piet.
965 2216 1069 2253 certe
1091 2226 1170 2252 sen.
1192 2215 1245 2260 R,
1265 2215 1407 2252 Baehr.
1500 2216 1547 2250 18
1567 2212 1640 2250 im-

209 2267 343 2304 becilli
370 2266 522 2325 ingenii
550 2266 599 2313 A,
628 2267 779 2313 Muell„
806 2270 902 2314 cf2p
906 2269 995 2312 .15,
1018 2268 1087 2312 15;
1112 2268 1175 2311 83,
1195 2268 1266 2311 34,·
1292 2268 1355 2311 91,
1373 2267 1445 2310 26,·
1474 2265 1558 2310 106,
1578 2266 1641 2310 30,

209 2317 401 2354 imbecilli
422 2317 582 2365 ingenio
605 2317 761 2363 Baehr„
768 2278 995 2354 imbecillo
1018 2315 1178 2364 ingenio
1201 2316 1267 2362 K.,
1293 2293 1487 2360 imbecili‚
1514 2314 1639 2351 modi-

210 2367 320 2414 cello,
341 2367 546 2413 modicilli,
567 2367 729 2404 indocili
749 2369 830 2405 rell
850 2367 958 2405 codd.
1064 2370 1109 2403 19
1131 2366 1232 2403 alius
1251 2388 1298 2393 ——
1319 2368 1372 2404 20
1391 2364 1465 2402 etsi
1485 2376 1564 2401 non
1585 2364 1635 2411 R,

210 2418 261 2455 K.
278 2420 331 2456 ΙΙ
353 2419 451 2465 (ind.
473 2398 634 2456 Ha'lens.
652 2430 693 2466 Ρ.
715 2419 812 2465 ΙΧ),
839 2418 997 2464 ΒαεὴνἾ
1025 2417 1176 2463 Muell„
1202 2416 1303 2453 alius
1322 2414 1478 2452 labores
1505 2414 1538 2451 si
1559 2426 1638 2452 non

210 2469 395 2506 continuo
433 2480 473 2505 se
509 2469 600 2517 vuly
575 2480 624 2517 9,
660 2469 709 2514 cf.
741 2469 825 2506 Boo
826 2480 966 2516 necque
996 2479 1038 2516 Ρ.
1064 2471 1139 2506 211
1173 2471 1208 2504 et
1238 2469 1326 2504 233.
1361 2487 1407 2494 -
1440 2465 1637 2513 voluptati

211 2519 261 2556 K
279 2520 313 2565 I,
342 2520 495 2564 Baelw,
523 2518 793 2555 voluntatibus
822 2520 872 2565 R,
898 2518 1169 2566 voluptatibus
1199 2517 1249 2554 K.
1272 2517 1331 2562 II,
1361 2516 1496 2553 Muell.

1688 503 1705 531 5

1680 817 1716 845 10

1678 1131 1712 1159 15
