1716 2742
37 815 75 842 10

484 91 490 107 ,
555 122 918 160 EPISTULARUM
944 127 1104 161 39—41.
1438 128 1531 172 283

83 240 147 291 ,et
190 237 450 283 constitues.
514 237 630 282 Mihi
675 238 871 282 sufficiet
912 238 1121 296 indicari,
1165 239 1238 283 cui
1284 240 1530 283 sententiae

100 300 351 346 accesseris.
415 299 544 345 Tunc
575 302 726 344 autem
758 317 785 344 a
816 300 1004 358 privatis
1031 301 1152 360 exigi
1185 317 1322 359 opera
1346 302 1431 346 tibi
1457 317 1530 347 cu-

99 379 175 408 rae
201 362 278 420 sit,
311 378 414 408 cum
429 362 680 420 theatrum,
712 366 899 421 propter
925 363 1046 420 quod
1072 364 1152 408 illa
1171 365 1393 422 promissa
1412 368 1530 421 sunt,

100 425 271 471 factum
309 425 404 470 erit.
471 424 726 484 Gymnasiis
764 425 1003 485 indulgent
1036 425 1259 484 Graeculi3
1301 427 1403 472 ideo
1442 427 1531 472 for·
1557 438 1578 470 2

102 487 223 533 sitan
252 487 525 533 Nicaeenses
578 488 746 532 maiore
798 489 948 532 animo
1003 491 1384 534 constructionem
1436 490 1530 534 eius

100 550 302 610 adgressi
328 554 453 596 sunt:
486 551 563 595 sed
590 553 771 609 oportet
797 551 900 595 illos
928 567 981 595 eo
1003 555 1239 596 contentos
1261 568 1377 610 esse,
1409 553 1530 610 quod

99 675 290 733 lineum,
323 676 446 734 quod
476 691 654 734 parum,
688 679 740 720 ut
766 676 943 734 scribis,
976 677 1138 721 idoneo
1166 678 1267 722 loco
1296 679 1531 723 inchoave-

99 741 227 796 runt,
257 739 535 783 suadendum
562 739 640 795 sit,
674 741 725 783 tu
752 740 1011 784 constitues.
1070 739 1321 785 Architecti
1347 741 1432 785 tibi
1458 741 1530 785 de·

100 816 197 846 esse
215 817 310 846 non
328 805 530 860 possunt.
583 800 724 846 Nulla
743 802 977 859 provincia
996 806 1081 860 est,
1116 818 1230 860 quae
1249 819 1343 848 non
1362 804 1531 861 peritos

100 867 146 908 et
177 863 437 923 ingeniosos
468 864 675 908 homines
708 864 891 922 habeat3
923 865 1059 909 modo
1092 881 1148 909 ne
1176 866 1403 910 existimes
1435 866 1532 911 bre-

98 926 199 971 vius
245 941 341 971 esse
387 927 442 971 ab
488 927 598 971 urbe
644 927 783 984 mitti,
830 942 933 972 cum
980 943 1034 971 ex
1069 928 1252 973 Graecia
1295 930 1429 973 etiam
1476 929 1532 973 ad

46 1001 50 1004 ’
98 1005 182 1034 nos
214 989 367 1034 venire
399 990 523 1034 soliti
557 989 658 1034 sint.

700 1094 807 1135 XLI.
844 1092 928 1147 [Ii]

373 1183 418 1218 O.
439 1183 646 1218 PLINIUS
675 1183 899 1218 TRAIANO
928 1185 1260 1218 IMPERATORI.

190 1265 391 1310 Intuenti
424 1264 537 1309 mihi
576 1268 621 1310 et
659 1265 868 1310 fortunae
907 1269 1011 1310 tuae
1052 1270 1097 1310 et
1137 1267 1275 1311 animi
1309 1267 1532 1326 magnitu-

98 1328 248 1372 dinem
293 1327 772 1373 convenientissimum
818 1329 997 1373 videtur
1043 1329 1350 1373 demonstrare
1396 1345 1533 1388 opera

97 1406 191 1435 non
222 1391 372 1435 minus
399 1391 664 1436 aeternitate
690 1394 769 1435 tua
796 1407 932 1449 quam
958 1392 1105 1450 gloria
1132 1392 1269 1450 digna
1296 1395 1532 1449 quantum-

99 1468 187 1511 que
218 1453 571 1511 pulchritudinis
612 1456 790 1498 tantum
830 1454 1040 1498 utilitatis
1079 1454 1300 1499 habitura.
1367 1454 1451 1498 Est
1484 1456 1531 1498 in

97 1515 499 1561 Nicomedensium
538 1516 706 1561 finibus
747 1516 1051 1574 amplissimus
1090 1518 1226 1562 lacus.
1294 1517 1379 1561 Per
1411 1517 1533 1562 hunc

98 1594 340 1636 marmora,
367 1579 542 1624 fructus
549 1613 562 1637 ‚
587 1579 733 1638 ligna,
760 1580 972 1623 materiae
1000 1582 1044 1623 et
1071 1583 1255 1637 sumptu
1282 1580 1459 1625 modico
1487 1583 1533 1625 et

96 1642 250 1686 labore
295 1657 438 1700 usque
484 1642 540 1686 ad
586 1643 706 1686 viam
751 1642 960 1699 navibus,
1005 1641 1109 1686 inde
1155 1658 1320 1699 magno
1366 1643 1532 1701 labore,

97 1704 267 1749 maiore
292 1704 522 1762 impendio
549 1704 768 1749 vehiculis
796 1705 852 1748 ad
879 1720 1000 1748 mare
1027 1704 1319 1750 devehuntur.
1377 1705 1533 1762 Itaque

97 1767 242 1812 lacum
260 1768 381 1811 mari
397 1768 657 1812 committere
676 1768 951 1811 aclnitemtur.
1009 1766 1097 1811 Sed
1117 1767 1204 1812 hoc
1224 1783 1338 1825 opus
1365 1769 1532 1813 multas

98 1845 258 1874 manus
291 1830 450 1887 poscit.
516 1828 580 1874 At
612 1846 688 1874 eae
722 1845 857 1888 porro
890 1845 983 1873 non
1016 1830 1188 1874 desunt.
1253 1830 1373 1875 Nam
1407 1834 1451 1876 et
1485 1832 1532 1875 in

99 1892 219 1952 agris
248 1907 415 1952 magna
445 1893 576 1950 copia
605 1895 673 1936 est
702 1893 938 1936 hominum
969 1895 1015 1936 et
1039 1894 1236 1937 maxima
1261 1894 1309 1937 in
1336 1894 1531 1951 civitate,

99 1957 310 2012 certaque
362 1970 465 2013 spes
518 1969 672 1999 omnes
725 1955 1022 1999 libentissime
1074 1955 1365 2015 adgressuros
1419 1972 1530 2014 opus

98 2018 308 2062 omnibus
341 2017 635 2062 fructuosum.
719 2016 952 2075 Superest,
990 2020 1042 2062 ut
1081 2021 1132 2063 tu
1165 2019 1427 2063 libratorem
1460 2021 1532 2064 vel

97 2080 414 2137 architectum,
456 2080 495 2123 si
536 2080 622 2124 tibi
664 2080 908 2137 videbitur,
951 2081 1124 2140 mittas,
1170 2082 1246 2139 qui
1291 2081 1533 2141 diligenter

200 2207 222 2239 2
250 2214 371 2250 opera
397 2204 505 2239 ctum
531 2203 733 2240 theatrum
754 2204 793 2240 B
821 2205 955 2252 (opera
979 2216 1117 2242 censeo
1139 2216 1228 2241 cum
1254 2205 1275 2241 ,9
1302 2205 1530 2252 Nettleship,

22 2275 31 2292 r
98 2265 153 2290 an
185 2264 306 2301 opera
338 2254 496 2300 tempus
526 2265 616 2290 cum
648 2253 668 2290 ,9
702 2254 831 2291 Hard.
857 2255 996 2292 εῙοιιννι.
1024 2255 1072 2300 of
1098 2255 1239 2292 Philol.
1268 2255 1406 2292 XVII
1428 2257 1529 2303 102).

100 2306 120 2339 7
148 2302 229 2340 illis
257 2303 354 2349 Cat„
382 2304 511 2349 K.11‚
536 2302 598 2340 illi
626 2304 719 2350 Ba,
748 2305 799 2340 Κ.
815 2305 851 2349 Ι,
879 2303 956 2341 tibi
983 2306 1161 2342 Momms.
1298 2308 1342 2341 17
1372 2305 1532 2342 demon-

98 2354 223 2390 strare
237 2353 338 2399 Cat„
357 2354 410 2390 K.
425 2355 485 2399 ΙΙ,
505 2354 655 2399 Muell.‚
676 2354 940 2391 demonstrari
959 2356 1010 2400 A,
1035 2355 1086 2391 K.
1103 2356 1138 2400 Ι,
1163 2355 1292 2392 Hard.
1381 2359 1428 2392 23
1449 2356 1531 2393 La-

46 2448 49 2450 ,
98 2415 240 2441 cunam
276 2404 426 2451 explere
461 2405 607 2441 tentavi
642 2404 825 2442 fflestio
857 2405 968 2450 duce,
1006 2406 1073 2452 qui
1104 2405 1227 2442 voluit
1257 2405 1398 2452 Itaque
1429 2406 1531 2442 mari

99 2453 346 2491 committere
373 2453 550 2501 cupiunt,
571 2454 620 2500 cf.
636 2466 679 2501 p.
700 2457 789 2500 284,
815 2458 862 2491 13
889 2460 926 2492 et
950 2455 1061 2501 infra
1086 2456 1139 2492 ad
1170 2456 1275 2493 Trai.
1298 2458 1346 2493 61
1367 2458 1467 2502 (69),
1494 2461 1528 2493 1.

101 2507 148 2540 24
175 2503 243 2540 sed
264 2503 339 2541 hoc
359 2515 458 2552 opus
480 2504 577 2549 Cat„
600 2503 675 2541 hoc
695 2516 758 2552 op.
774 2505 842 2542 sed
864 2517 899 2550 α,
920 2505 995 2542 hoc
1016 2516 1114 2552 opus
1128 2506 1180 2551 A,
1200 2505 1249 2551 cf.
1265 2518 1321 2554 ep.
1337 2506 1407 2543 IX
1417 2509 1479 2552 37,
1494 2510 1527 2543 4.

88 613 246 672 ⁴possit
282 613 374 659 illis
413 613 631 659 sufficere.
697 613 813 666 Quid
849 612 1254 672 Claudiopolitanis
1298 615 1417 660 circa
1455 616 1530 659 ba·
1557 626 1579 659 3

1561 1278 1580 1310 1

1559 1466 1581 1497 2

1559 2030 1581 2062 3
