1630 2678
97 451 142 485 24

96 572 142 605 25

94 936 138 969 26

93 1118 138 1152 27

94 1483 140 1515 28

96 1785 142 1818 29

95 2089 142 2121 30

173 148 258 193 126
764 143 802 180 e.
828 142 963 180 PLmi

169 258 359 303 triclinio
393 257 598 313 occurrit3
636 255 733 299 aliis
764 254 965 298 fenestris
997 256 1196 311 xystum,
1235 253 1334 299 aliis
1372 254 1559 313 despicit

170 323 361 377 pratum,
403 318 476 362 sed
517 320 618 361 ante
658 316 891 373 piscinam,
933 330 1045 372 quae
1084 314 1289 360 fenestris
1331 315 1467 360 servit
1507 331 1559 361 ac

170 381 380 434 subiacet,
431 378 617 435 strepitu
662 377 846 433 visuque
886 376 1142 433 iucundam;
1189 391 1294 421 nam
1335 392 1392 421 ex
1440 377 1557 422 edito

169 441 369 485 desiliens
402 454 515 495 aqua
546 441 747 494 suscepta
778 452 994 481 marmore
1026 436 1220 482 albescit.
1281 435 1406 483 Idem
1438 438 1559 483 cubi-

169 503 313 546 culum
345 500 485 543 hieme
518 499 858 555 tepidissimum,
896 499 999 556 quia
1029 498 1222 555 plurimo
1253 499 1347 543 sole
1381 499 1560 557 perfun-

169 563 293 605 ditur.
337 560 548 604 Cohaeret
566 560 872 617 hypocauston
898 562 955 616 et,
981 559 1017 603 si
1044 559 1134 603 dies
1159 559 1352 617 nubilus,
1376 560 1559 605 inmisso

167 637 325 679 vapore
358 622 462 666 solis
495 622 634 665 vicem
667 621 854 678 supplet.
917 620 1024 664 Inde
1056 620 1364 678 apodyterium
1395 621 1559 666 balinei

166 684 313 727 laxum
346 686 389 726 et
419 682 558 726 hilare
596 682 760 739 excipit
797 682 907 726 cella
938 682 1186 740 frigidaria,
1221 682 1269 726 in
1301 697 1389 740 qua
1419 683 1560 740 bapti-

166 745 345 787 sterium
384 744 578 800 amplum
617 746 749 800 atque
788 757 985 800 opacum.
1050 741 1098 787 Si
1128 745 1281 788 natare
1316 743 1451 788 latius
1483 746 1560 788 aut

165 805 355 861 tepidius
387 805 515 860 velis,
546 804 593 847 in
624 819 724 847 area
755 804 924 860 piscina
955 806 1040 861 est,
1071 804 1118 848 in
1149 805 1353 862 proximo
1386 807 1559 862 puteuS,

166 881 219 910 ex
260 881 346 922 quo
389 866 530 922 possis
572 880 721 909 rursus
764 865 998 923 adstringi,
1039 866 1077 909 si
1117 865 1341 923 paeniteat
1380 866 1557 924 teporis.

165 926 433 985 Frigidariae
468 927 602 970 cellae
634 926 878 970 conectitur
915 926 1078 983 media,
1116 927 1188 971 cui
1230 928 1298 971 sol
1339 927 1560 986 benignis·

165 988 273 1031 sime
306 990 477 1044 praesto
512 990 596 1043 est3
628 987 842 1031 caldariae
875 988 1034 1045 magis:
1065 988 1288 1046 prominet
1319 988 1448 1032 enim.
1506 987 1560 1032 In

165 1048 247 1092 hac
278 1051 365 1092 tres
399 1048 718 1104 descensiones,
751 1049 862 1092 duae
893 1049 940 1092 in
972 1049 1084 1105 sole,
1121 1049 1252 1093 tertia
1283 1065 1310 1093 a
1341 1049 1435 1094 sole
1464 1049 1559 1093 lon-

166 1109 282 1167 gius,
323 1124 348 1151 a
387 1110 485 1153 luce
526 1124 616 1152 non
655 1110 844 1168 longius.
914 1108 1188 1167 Apodyterio
1230 1111 1559 1168 superpositum

166 1173 231 1214 est
272 1170 647 1226 sphaeristerium,
698 1171 815 1227 quod
857 1171 984 1227 plura
1031 1185 1193 1229 genera
1232 1171 1559 1216 exercitationis

165 1231 398 1287 pluresque
425 1231 611 1275 circulos
637 1232 767 1288 capit.
829 1231 933 1275 Non
965 1233 1122 1290 procul
1146 1248 1173 1276 a
1197 1231 1371 1277 balineo
1405 1233 1559 1290 scalae,

166 1306 276 1348 quae
308 1292 354 1335 in
386 1292 762 1349 cryptoporticum
803 1293 968 1350 ferunt,
1005 1293 1127 1350 prius
1166 1293 1221 1338 ad
1259 1294 1425 1338 diaetas
1457 1296 1558 1338 tres.

165 1351 334 1396 Harum
359 1353 445 1396 alia
477 1354 646 1397 areolae
677 1353 764 1410 illi,
803 1354 850 1397 in
882 1369 968 1411 qua
1006 1355 1175 1411 platani
1207 1357 1435 1412 quattuor,
1472 1355 1560 1399 alia

166 1416 310 1469 prato,
347 1414 433 1456 alia
464 1414 602 1457 vineis
640 1414 840 1458 imminet
878 1415 1158 1473 diversasque
1191 1416 1300 1460 caeli
1330 1418 1478 1474 partes
1509 1418 1560 1460 ut

166 1477 421 1530 prospectus
452 1474 597 1518 habet.
659 1473 711 1518 In
743 1491 914 1519 summa
939 1476 1273 1534 cryptoporticu
1304 1477 1558 1522 cubiculum

167 1549 219 1577 ex
262 1535 357 1590 ipsa
401 1536 731 1592 cryptoporticu
776 1538 988 1594 excisum,
1040 1538 1158 1595 quod
1201 1538 1558 1596 hippodromum,

167 1595 332 1650 vineas,
370 1600 540 1639 montes
578 1597 782 1641 intuetur.
846 1596 1052 1656 Iungitur
1084 1599 1338 1643 cubiculum
1376 1599 1557 1643 obvium

168 1655 268 1710 soli,
301 1656 487 1699 maxime
512 1657 707 1701 hiberno.
770 1658 888 1703 Hinc
914 1660 1055 1703 oritur
1086 1660 1251 1716 diaeta,
1282 1675 1395 1717 quae
1425 1659 1558 1704 villae

166 1715 507 1772 hippodromum
533 1718 735 1762 adnectit.
786 1719 906 1764 Haec
932 1721 1078 1778 facies,
1103 1721 1178 1765 hic
1202 1721 1323 1765 visus
1349 1736 1375 1764 a
1399 1721 1557 1766 fronte.

169 1774 210 1819 A
240 1777 375 1819 latere
408 1779 571 1821 aestiva
603 1781 954 1836 cryptoporticus
997 1782 1044 1825 in
1082 1781 1200 1826 edito
1242 1782 1408 1839 posita,
1446 1797 1558 1840 quae

167 1851 257 1880 non
301 1837 491 1893 aspicere
532 1840 699 1895 vineas,
740 1842 814 1884 sed
855 1845 1034 1900 tangere
1075 1843 1259 1887 videtur.
1321 1841 1374 1887 In
1415 1843 1559 1888 media

167 1897 407 1941 triclinium
440 1899 771 1944 saluberrimum
804 1902 1014 1947 adflatum
1046 1919 1100 1947 ex
1125 1903 1404 1961 Appenninis
1435 1904 1558 1948 valli-

169 1958 248 2001 bus
300 1958 474 2014 recipit3
527 1963 629 2015 post
677 1962 903 2006 latissimis
954 1964 1156 2008 fenestris
1198 1965 1368 2022 vineas,
1416 1965 1556 2009 valvis

169 2033 304 2074 aeque
343 2019 509 2075 vineas,
552 2021 626 2063 sed
663 2036 741 2077 per
782 2026 1160 2080 cryptoporticum
1193 2027 1319 2083 quasi
1351 2026 1556 2070 admittit.

167 2077 209 2121 A
240 2080 374 2122 latere
407 2080 598 2137 triclinii,
637 2083 753 2136 quod
784 2083 984 2128 fenestris
1017 2090 1148 2143 caret,
1178 2087 1320 2131 scalae
1353 2087 1556 2131 convivio

168 2139 295 2182 utilia
333 2141 561 2184 secretiore
600 2142 720 2185 aditu
758 2149 1010 2202 suggerunt.
1073 2147 1127 2190 In
1165 2148 1253 2191 fine
1292 2148 1558 2204 cubiculum,

169 2199 240 2244 cui
280 2215 370 2243 non
411 2201 554 2245 minus
596 2202 834 2247 iucundum
882 2211 1163 2263 prospectum
1201 2208 1556 2266 cryptoporticus

268 2311 286 2342 1
309 2319 332 2342 a
347 2307 445 2343 tricl.
467 2309 526 2353 M,
548 2310 599 2345 K.
614 2310 646 2345 Ι.
724 2314 768 2346 17
789 2322 859 2347 nec
878 2313 1011 2358 procul
1030 2315 1173 2361 Fpsa,
1195 2316 1290 2353 Otto.
1367 2315 1440 2352 25‘
1463 2327 1556 2352 usus

169 2355 287 2400 codd„
319 2356 414 2400 edd„
444 2356 547 2392 visus
579 2369 643 2404 eqo
675 2360 739 2403 (cf.
766 2360 961 2398 editionem
992 2374 1111 2400 meam
1143 2376 1177 2400 a.
1206 2367 1315 2410 1904,
1341 2365 1394 2401 11
1409 2377 1451 2411 p.
1476 2367 1555 2411 43).

170 2407 216 2440 28
230 2404 470 2450 Appenninis
484 2406 737 2452 RFDp‘ra,
753 2408 804 2444 K.
816 2409 849 2452 I,
864 2409 1083 2455 Appennini
1097 2413 1157 2456 M,
1172 2413 1224 2449 K.
1235 2414 1293 2449 II.
1383 2416 1429 2450 82
1444 2413 1556 2450 aditu

169 2453 219 2498 R,
245 2453 374 2500 Pomp.
396 2454 517 2499 Laet.,
543 2455 592 2491 K.
614 2456 673 2500 II,
702 2457 848 2501 Μυκη,
882 2458 1031 2495 ambitu
1058 2461 1241 2507 (ambitus
1266 2466 1301 2508 r)
1325 2462 1421 2508 rell„
1447 2462 1500 2499 K.
1518 2463 1554 2499 Ι.

1585 819 1621 849 10

1585 1124 1620 1154 15

1584 1431 1621 1460 80

1583 1733 1620 1764 ’ὅ
