1716 2742
23 821 60 850 1⁰

23 1134 60 1164 1⁸

24 1451 62 1478 20

469 120 800 163 PANEGYRICU
803 121 828 159 S
856 126 914 168 52,
930 132 946 159 3
963 144 1007 149 —
1024 126 1084 168 54,
1099 132 1127 159 2.
1419 122 1509 169 365

84 253 207 283 mum
234 237 550 296 imperatorem
578 238 758 296 piorum
786 237 951 282 civium
980 237 1181 283 officium
1215 239 1300 296 est,
1333 237 1511 295 insequi

85 300 335 346 dissimiles.
400 299 559 358 Neque
593 301 712 345 enim
753 300 861 345 satis
895 301 1074 345 amarit
1095 300 1239 345 bonos
1271 300 1511 358 principes,

85 364 164 423 qui
194 363 339 408 malos
372 362 521 422 [satis]
548 379 640 408 non
667 363 822 408 oderit.
886 362 1047 421 Adice,
1081 363 1202 421 quod
1227 363 1509 422 imperatoris
1538 374 1560 408 3

83 425 229 472 nostri
247 441 340 471 non
360 426 482 470 aliud
503 427 696 484 amplius
718 441 769 471 ac
796 426 1000 471 diffusius
1028 426 1236 471 meritum
1260 428 1347 484 est,
1376 441 1511 485 quam

85 488 207 548 quod
237 488 449 534 insectari
482 489 623 533 malos
658 489 883 547 principes
915 492 1064 534 tutum
1097 492 1176 534 est.
1242 488 1315 534 An
1347 489 1513 534 excidit
1538 500 1561 534 4

85 551 232 597 dolori
249 554 406 597 nostro
427 551 562 596 modo
583 551 835 596 vindicatus
855 551 1008 597 Nero?
1041 551 1346 610 Permitteret,
1365 552 1511 609 credo,

82 615 249 660 famam
282 615 512 673 vitamque
546 614 640 659 eius
681 615 821 672 carpi,
865 615 941 673 qui
975 618 1166 660 mortem
1199 614 1511 673 ulciscebatur,

83 693 168 724 nec
198 680 252 723 ut
288 678 337 722 in
369 693 416 722 se
455 677 575 722 dicta
607 677 997 736 interpretaretur,
1039 693 1152 735 quae
1193 678 1246 722 de
1280 677 1511 723 simillimo

84 741 350 787 dicerentur.
416 739 562 794 Quare
604 755 688 800 ego
728 755 854 795 ver0,
895 739 1072 798 Caesar,
1119 741 1382 786 muneribus
1421 740 1511 785 tuis
1539 751 1561 784 5

86 803 295 850 omnibus
328 818 561 861 comparo,
601 803 755 847 multis
795 806 1018 861 antepono
1027 838 1039 861 ,
1084 803 1205 861 quod
1242 804 1349 849 licet
1379 803 1511 848 nobis

85 870 132 912 et
162 867 212 912 in
242 866 532 925 praeteritum
576 866 629 910 de
663 866 792 910 malis
833 867 1177 924 imperatoribus
1218 866 1383 911 cotidie
1415 867 1513 911 vin-

85 929 225 976 dicari
244 932 289 975 et
308 929 485 974 futuros
506 929 590 974 sub
612 930 819 987 exemplo
841 945 1131 987 praemonere
1151 931 1327 974 nullum
1348 931 1513 987 locum,

85 993 263 1038 nullum
290 1007 386 1038 esse
412 994 610 1050 tempus,
645 1007 732 1050 quo
767 992 1047 1037 funestorum
1075 992 1332 1050 principum
1358 1006 1512 1037 manes

86 1072 112 1102 a
149 1058 433 1115 posterorum
473 1055 830 1100 execrationibus
872 1056 1203 1113 conquiescant.
1269 1055 1367 1109 Quo
1413 1070 1515 1100 con·
1542 1052 1588 1116 6]

86 1119 299 1177 stantiae,
330 1121 479 1177 patres
507 1118 768 1176 conscripti,
803 1121 847 1162 et
874 1119 1049 1163 dolores
1076 1121 1253 1163 nostros
1281 1124 1324 1163 et
1351 1118 1515 1178 gaudia

84 1182 385 1240 proferamus,
402 1183 622 1226 laetemur
642 1182 733 1239 his,
754 1181 917 1239 quibus
938 1181 1148 1239 fruimur,
1168 1182 1514 1240 ingemiscamus

86 1245 196 1304 illis,
230 1260 344 1304 quae
369 1245 663 1302 patiebamur.
725 1242 871 1288 Simul
897 1247 1139 1302 utrumque
1165 1244 1420 1289 faciendum
1446 1247 1515 1288 est

86 1307 169 1353 sub
197 1308 317 1354 bono
342 1307 557 1366 principe.
622 1306 724 1352 Hoc
751 1310 921 1352 secreta
947 1310 1122 1365 nostra,
1155 1307 1242 1352 hoc
1275 1321 1515 1364 sermones,

85 1371 174 1416 hoc
206 1371 330 1430 ipsae
362 1370 609 1430 gratiarum
644 1370 841 1415 actiones
877 1373 1013 1430 agant
1045 1370 1417 1428 meminerintque
1450 1370 1515 1415 sic

87 1434 284 1479 maxime
327 1433 503 1478 laudari
547 1434 817 1478 incolumem
870 1434 1206 1491 imperatorem,
1264 1434 1302 1477 si
1343 1433 1514 1492 priores

87 1512 214 1543 secus
234 1497 384 1542 meriti
403 1496 799 1555 reprehendantur.
840 1496 978 1554 Nam,
1000 1512 1102 1541 cum
1124 1497 1266 1541 malos
1287 1496 1512 1553 principes

89 1560 262 1619 posteri
280 1562 450 1618 tacent,
476 1560 762 1604 manifestum
791 1562 860 1604 est
886 1560 1036 1604 eadem
1059 1560 1203 1604 facere
1224 1562 1514 1617 praesentem.

85 1623 255 1682 Ecquis
287 1623 378 1668 iam
411 1624 538 1668 locus
573 1623 759 1668 miserae
787 1622 1056 1667 adulationis
1084 1622 1293 1667 manebat
1319 1622 1515 1681 ignarus,
1529 1618 1590 1667 54

87 1701 189 1732 cum
215 1686 370 1732 laudes
396 1686 719 1745 imperatorum
745 1686 863 1730 ludis
891 1686 1025 1730 etiam
1052 1688 1096 1729 et
1123 1685 1515 1730 commissionibus

87 1750 436 1807 celebrarentur,
469 1750 740 1795 saltarentur
773 1751 907 1807 atque
940 1748 988 1792 in
1021 1764 1153 1793 omne
1179 1748 1425 1793 ludibrium
1453 1747 1516 1792 ef-

86 1813 313 1858 feminatis
356 1812 563 1870 vocibus,
605 1812 764 1869 modis,
802 1811 1003 1870 gestibus
1042 1811 1386 1871 frangerentur?
1429 1809 1516 1855 Sed

86 1876 200 1921 illud
233 1875 490 1936 indignum,
530 1876 650 1933 quod
690 1875 846 1919 eodem
885 1877 1088 1932 tempore
1121 1874 1168 1918 in
1202 1876 1360 1918 senatu
1392 1877 1437 1918 et
1469 1874 1516 1918 in

87 1954 267 1998 scaena,
293 1938 348 1984 ab
368 1939 587 1983 histrione
608 1941 652 1982 et
673 1954 698 1982 a
719 1938 903 1983 consule
922 1937 1234 1982 laudabantur.
1268 1937 1337 1981 Tu
1357 1937 1518 1995 procul
1543 1948 1564 1981 2

189 2067 211 2100 3
238 2063 335 2100 satis
362 2063 432 2101 del.
456 2063 695 2110 BIadviyius.
835 2066 857 2098 6
884 2073 959 2109 sqq.
981 2061 1133 2109 aliquid
1158 2066 1380 2109 corruptum
1401 2065 1519 2108 putat

87 2115 311 2162 Bornecque
330 2126 373 2162 p.
393 2116 481 2151 225.
610 2116 630 2148 9
659 2123 731 2159 ego
758 2113 798 2149 te
825 2112 884 2149 vel
911 2123 1003 2159 ergo
1031 2113 1071 2148 te
1098 2112 1220 2157 codd„
1245 2113 1286 2148 te
1318 2111 1390 2148 del.
1413 2111 1465 2148 K.
1481 2112 1516 2157 1,

88 2176 161 2213 ego
208 2163 310 2215 (in)
356 2166 396 2201 te
443 2164 598 2208 Baehr.,
651 2162 756 2199 circa
800 2163 841 2199 te
886 2162 1074 2208 Sclmelle,
1121 2173 1193 2210 ego
1238 2162 1313 2199 hoc
1359 2161 1516 2207 Suster„

56 2219 67 2223 ⁸
88 2214 272 2262 equidem
314 2214 335 2252 ,9
373 2214 509 2252 Muell.
545 2224 653 2250 eruce
696 2212 852 2258 addita,
895 2223 967 2260 ego
1008 2223 1099 2249 vero
1144 2212 1196 2249 K.
1219 2213 1278 2257 II,
1315 2212 1363 2257 cf.
1396 2223 1518 2258 supra

82 2278 125 2313 p.
148 2268 234 2311 107,
262 2268 320 2302 14.
339 2285 344 2293 -
432 2268 477 2300 16
508 2263 701 2300 laetemur
727 2263 766 2299 h.
789 2275 825 2309 q.
847 2262 1015 2299 fruimur
1035 2263 1124 2299 add.
1146 2263 1197 2308 A,
1226 2263 1398 2309 Cuspin„
1426 2262 1477 2299 K.
1493 2263 1524 2299 I

87 2319 201 2363 tamq.
228 2315 460 2360 insiticium,
495 2314 650 2359 Baehr.,
684 2317 811 2350 tuetwr
842 2312 942 2351 Sust.
971 2324 990 2350 e
1015 2325 1085 2350 suo
1112 2313 1332 2360 apographo
1368 2313 1411 2357 U,
1445 2323 1516 2349 om.

89 2366 140 2402 K.
163 2366 222 2403 II.
351 2369 396 2401 21
431 2364 556 2401 malos
588 2363 788 2411 principes
822 2364 977 2409 Baehr.,
1012 2363 1162 2407 Muell„
1198 2362 1303 2399 malo
1336 2362 1516 2410 principe

88 2415 210 2462 codd„
236 2415 285 2452 de
312 2414 416 2452 malo
443 2426 502 2462 pr.
522 2414 623 2462 vuzy.
754 2417 800 2450 23
829 2413 963 2460 ecquis
993 2413 1163 2460 Cuspin„
1191 2413 1341 2461 Stanyl,
1369 2413 1516 2458 Muell„

88 2466 129 2502 et
155 2465 244 2513 quis
269 2467 371 2514 vuly.
476 2468 522 2501 25
551 2465 818 2511 saltarentque
847 2465 966 2510 atque
988 2464 1030 2509 0,
1058 2463 1375 2510 saltarenturque
1397 2464 1516 2509 atque

89 2516 230 2554 Baehr.
