1716 2736
24 1001 61 1029 10

25 1315 61 1343 15

26 1629 63 1656 20

27 1942 64 1969 25

0 2219 68 2306 {30

484 180 847 218 EPISTULARUM
873 180 946 217 VII
974 184 1032 225 19,
1061 184 1120 217 20.
1429 182 1516 226 193

82 297 196 354 vari,
229 299 280 342 ut
313 296 425 341 mihi
458 295 662 341 solvendi
693 298 899 353 tempora
932 296 1171 353 supersint.
1217 293 1271 339 In
1297 295 1368 339 his
1397 311 1517 339 eram
1548 307 1592 341 11

83 360 224 418 curis,
264 374 366 404 cum
407 359 647 404 scriberem
694 359 749 402 ad
788 361 853 416 te3
893 373 1004 415 quas
1046 358 1084 402 si
1124 358 1232 402 deus
1272 358 1436 415 aliquis
1471 358 1519 401 in

83 422 298 483 gaudium
331 422 535 479 verterit,
570 422 623 465 de
656 424 779 465 metu
812 436 904 465 non
938 436 1111 479 querar.
1176 420 1301 465 Vale.

755 563 844 603 XX.
880 562 920 595 ὦ·
936 556 1228 626 Atiſsaalslf
1247 566 1333 604 ⁶⁶74*
1370 560 1447 606 l‘ac.

462 653 506 687 C.
527 652 732 686 PLINIUS
761 652 948 686 TACITO
979 652 1075 686 SUO
1106 653 1143 685 S.

179 735 369 780 Librum
411 737 541 779 tuum
586 734 678 794 legi
717 737 781 792 et,
821 749 957 792 quam
997 734 1340 794 diligentissime
1380 735 1524 793 potui,
1552 746 1570 778 1

85 798 318 856 adnotavi,
351 813 464 856 quae
498 797 834 854 commutanda,
868 812 982 855 quae
1010 797 1247 841 eximenda
1273 797 1523 842 arbitrarer.

84 861 206 906 Nam
239 864 285 905 et
311 875 396 920 ego
422 876 579 905 verum
607 860 753 904 dicere
780 860 964 905 adsuevi
991 862 1035 904 et
1061 863 1113 904 tu
1138 857 1332 905 libenter
1358 860 1524 905 audire.

85 923 247 982 Neque
281 924 400 968 enim
434 923 518 967 ulli
551 923 796 981 patientius
830 923 1241 981 reprehenduntur,
1277 938 1411 981 quam
1447 924 1526 982 qui

87 987 281 1032 maxime
319 985 494 1030 laudari
532 988 772 1030 merentur.
843 985 980 1031 Nunc
1013 1002 1040 1030 a
1078 989 1123 1030 te
1165 986 1332 1030 librum
1375 1002 1526 1030 meum
1553 998 1574 1030 2

86 1065 190 1095 cum
225 1048 594 1094 adnotationibus
628 1049 719 1092 tuis
755 1051 956 1106 expecto.
1023 1047 1060 1093 O
1095 1049 1333 1106 iucundas,
1368 1065 1394 1093 o
1428 1050 1527 1107 pul-

87 1112 216 1158 chras
249 1112 392 1156 vices!
439 1127 574 1170 quam
612 1127 683 1155 me
717 1111 928 1169 delectat,
964 1112 1105 1169 quod,
1139 1112 1177 1155 si
1212 1128 1301 1170 qua
1332 1113 1525 1169 posteris

87 1191 194 1220 cura
238 1175 403 1232 nostri,
447 1189 773 1232 usquequaque
818 1175 1096 1232 narrabitur,
1139 1190 1228 1232 qua
1274 1175 1527 1231 concordia,

89 1237 393 1296 simplicitate,
420 1237 509 1281 fide
536 1237 798 1281 vixerimus!
844 1237 946 1281 Erit
972 1253 1124 1281 rarum
1152 1240 1196 1282 et
1216 1237 1393 1296 insigne
1414 1238 1527 1282 duos
1556 1249 1577 1281 3

86 1300 293 1345 homines
333 1302 499 1358 aetate,
539 1300 762 1359 dignitate
802 1301 1131 1358 propemodum
1175 1301 1402 1358 aequales,
1435 1316 1528 1344 non

87 1363 258 1408 nullius
298 1363 347 1407 in
385 1363 550 1407 litteris
590 1362 787 1407 nominis
828 1360 989 1422 (cogor
1028 1364 1148 1407 enim
1188 1363 1242 1407 de
1270 1366 1314 1407 te
1349 1378 1529 1421 quoque

87 1426 268 1485 parcius
296 1426 456 1483 dicere,
482 1425 589 1483 quia
616 1426 670 1470 de
697 1441 768 1470 me
794 1426 931 1470 simul
958 1424 1091 1485 dico),
1126 1427 1315 1470 alterum
1345 1427 1529 1470 alterius

89 1489 239 1534 studia
270 1489 450 1533 fovisse.
516 1488 740 1546 Equidem
783 1488 1166 1559 adulescentulus,
1207 1504 1310 1533 cum
1355 1489 1445 1533 iam
1479 1492 1530 1533 tu
1558 1500 1581 1532 4

88 1552 210 1596 fama
255 1552 489 1611 gloriaque
536 1551 737 1607 floreres,
783 1554 828 1595 te
881 1552 1029 1608 sequi,
1076 1551 1161 1595 tibi
1210 1551 1398 1610 ‘longo
1443 1552 1532 1596 sed

89 1614 370 1673 proximus
417 1614 735 1658 intervallo’
782 1617 827 1657 et
872 1630 967 1658 esse
1021 1616 1065 1658 et
1116 1614 1273 1658 haberi
1322 1615 1532 1672 concupi-

90 1677 282 1723 scebam.
322 1676 385 1721 Et
411 1679 538 1721 erant
559 1677 702 1721 multa
729 1676 978 1721 clarissima
1004 1676 1205 1735 ingenia3
1233 1677 1311 1722 sed
1338 1680 1391 1721 tu
1418 1677 1530 1721 mihi

91 1739 177 1799 (ita
229 1740 480 1784 similitudo
538 1742 725 1784 naturae
778 1738 969 1798 ferebat)
1029 1740 1224 1784 maxime
1282 1739 1532 1796 imitabilis,

91 1803 286 1847 maxime
313 1802 559 1847 imitandus
587 1802 825 1846 videbaris.
873 1801 972 1855 Quo
1001 1803 1145 1862 magis
1173 1803 1370 1862 gaudeo,
1397 1803 1531 1861 quod,
1560 1814 1581 1846 5

92 1866 131 1910 si
164 1865 265 1923 quis
299 1864 353 1909 de
387 1865 548 1909 studiis
583 1880 751 1922 sermO,
782 1880 873 1908 una
905 1865 1213 1923 nominamur,
1246 1866 1368 1924 quod
1402 1866 1455 1910 de
1488 1868 1532 1910 te

90 1928 383 1986 loquentibus
425 1928 578 1971 statim
619 1942 817 1972 occurro
883 1926 930 1972 N
930 1943 980 1972 ec
1020 1928 1200 1986 desunt,
1235 1929 1313 1986 qui
1351 1929 1532 1987 utrique
1561 1939 1582 1971 6

91 1993 298 2035 nostrum
331 1990 656 2048 praeferantur.
704 1988 791 2034 Sed
818 2005 921 2048 nos,
952 1990 1070 2035 nihil
1101 1992 1289 2036 interest
1315 2007 1415 2035 mea
1442 2007 1531 2049 quo

90 2055 214 2111 loco,
246 2052 497 2112 iungimur3
530 2068 635 2096 nam
669 2053 782 2096 mihi
808 2053 1002 2111 primus,
1036 2054 1115 2112 qui
1148 2070 1174 2098 a
1206 2057 1251 2098 te
1284 2054 1531 2112 proximus.

93 2115 212 2169 Quin
253 2115 389 2160 etiam
429 2116 476 2159 in
514 2116 796 2160 testamentis
837 2116 970 2161 debes
1017 2117 1276 2174 adnotasse3
1309 2117 1398 2161 nisi
1431 2117 1532 2174 quis

93 2179 211 2224 forte
251 2179 458 2223 alterutri
495 2181 702 2222 nostrum
742 2178 1061 2237 amicissimus,
1102 2180 1256 2224 eadem
1294 2181 1445 2239 legata
1490 2183 1534 2224 et

95 2241 277 2299 quidem
320 2241 489 2299 pariter
529 2241 786 2299 accipimus.
852 2240 976 2295 Quae
1010 2242 1161 2287 omnia
1193 2242 1283 2287 huc
1317 2245 1535 2300 spectant,
1563 2253 1582 2286 ‘1

94 2307 146 2348 ut
184 2304 378 2348 invicem
418 2304 647 2348 ardentius
682 2303 944 2363 diligamus,
984 2321 1086 2350 cum
1119 2308 1190 2350 tot
1222 2305 1416 2350 vinculis
1449 2321 1532 2350 nos

95 2366 257 2424 studia,
289 2382 451 2424 mores,
486 2366 620 2424 fama,
646 2382 856 2424 suprema
883 2367 1076 2426 denique
1102 2368 1339 2412 hominum
1367 2368 1533 2413 iudicia

95 2429 421 2489 constringant.
487 2429 613 2474 Vale.

199 2569 246 2602 14
273 2566 313 2602 et
340 2577 410 2603 om.
432 2566 551 2613 Dpr.
657 2569 703 2602 19
738 2567 844 2614 Very.
867 2568 964 2605 Aen.
990 2569 1026 2605 V
1047 2569 1136 2606 320.

173 2642 318 2670 Parmos
337 2642 458 2670 Mmoss
475 2647 533 2670 En.
552 2644 722 2671 KUKULA.
1263 2646 1307 2679 13
