1716 2742
206 158 298 202 206
817 154 855 192 G.
884 155 1021 192 PLINI

204 287 260 315 ne
301 270 399 327 quis
444 270 592 314 ‘mihi
631 285 740 313 non
780 269 1011 313 donatus
1046 269 1260 327 abiret',
1299 272 1474 328 partem
1515 273 1656 315 octa—-

205 349 307 377 vam
340 333 490 390 pretii,
525 347 615 389 quo
650 332 750 389 quis
784 335 969 388 emerat,
1004 332 1224 389 eoncessi3
1257 331 1415 377 deinde
1447 333 1521 390 iis,
1555 333 1634 391 qui

206 395 506 453 amplissimas
540 409 738 438 summas
773 393 1078 451 emptionibus
1113 397 1462 453 occupaverant,
1509 410 1633 453 sepa-

203 459 336 501 ratim
370 457 587 501 consului.
653 456 772 501 Nam
814 459 859 500 et
891 472 963 500 me
996 457 1140 516 magis
1174 457 1380 502 iuverant
1413 461 1458 502 et
1489 459 1632 502 maius

154 531 176 563 4
202 520 291 577 ipsi
322 520 521 563 fecerant
554 519 778 563 damnum.
844 518 991 578 Igitur
1016 519 1091 577 iis,
1125 519 1203 577 qui
1229 520 1372 578 pluris
1400 535 1535 578 quam
1562 520 1634 564 de·
1661 535 1677 562 5

154 907 174 939 6

155 1158 173 1190 7

153 1470 174 1503 8

204 598 299 626 cem
340 581 521 625 milibus
562 584 780 639 emerant,
825 582 880 625 ad
923 582 1048 626 illam
1090 597 1376 627 communem
1419 585 1463 626 et
1506 583 1634 640 quasi

203 644 430 701 publicam
466 647 670 688 octavam
704 644 854 688 addidi
889 644 1122 688 decumam
1156 644 1250 689 eius
1285 660 1503 702 summae,
1546 660 1635 703 qua

204 707 354 751 decem
376 707 502 751 milia
522 710 814 752 excesserant.
849 706 1038 766 Vereor,
1064 723 1121 751 ne
1142 723 1301 765 parum
1322 708 1634 766 expresserim:

203 770 400 827 apertius
443 770 638 814 calculos
686 769 930 814 ostendam.
997 768 1045 813 Si
1092 771 1171 828 qui
1216 770 1332 814 forte
1379 770 1634 828 quindecim

204 832 386 876 milibus
421 835 638 890 emerant,
684 832 732 876 hi
766 836 812 876 et
845 833 1101 890 quindecim
1142 833 1318 877 milium
1352 836 1557 878 octavam
1591 836 1636 877 et
1662 848 1699 875 10

205 895 403 952 quinque
431 895 606 939 milium
634 895 853 939 decimam
880 896 1093 939 tulerunt.
1153 895 1408 953 Praeterea,
1441 911 1543 940 eum
1570 911 1636 940 re-

202 960 403 1015 putarem
440 958 655 1016 quosdam
694 974 749 1002 ex
782 958 932 1002 debito
967 959 1264 1016 aliquantum,
1306 959 1523 1016 quosdam
1558 959 1636 1002 ali-

204 1020 331 1078 quid,
385 1021 604 1077 quosdam
655 1021 772 1065 1111111
817 1021 1091 1078 reposuisse,
1142 1035 1424 1078 nequaquam
1479 1037 1635 1065 verum

203 1083 470 1139 arbitrabar,
518 1099 629 1141 quos
673 1099 766 1127 non
811 1086 1045 1141 aequasset
1090 1084 1200 1128 fides
1248 1084 1508 1141 solutionis,
1551 1085 1635 1128 hos

202 1145 480 1205 benignitate
513 1146 790 1190 remissionis
825 1147 1017 1204 aequari.
1045 1159 1047 1161 ·
1085 1146 1258 1191 Rursus
1300 1161 1406 1206 ergo
1441 1147 1516 1204 iis,
1557 1145 1634 1204 qui
1662 1160 1698 1188 15

203 1209 448 1266 solverant,
483 1209 599 1266 eius,
632 1209 754 1266 quod
788 1209 1034 1265 solverant,
1068 1209 1286 1253 decimam
1320 1210 1485 1253 remisi.
1550 1209 1637 1253 Per

202 1271 290 1315 hoc
338 1271 457 1315 enim
501 1271 734 1329 aptissime
786 1274 830 1315 61
875 1272 922 1315 111
974 1272 1268 1329 praeteritum
1315 1272 1506 1331 singulis
1553 1287 1635 1329 pro

203 1334 419 1392 cuiusque
462 1335 622 1378 merito
667 1334 812 1393 gratia
853 1334 1026 1391 referri,
1070 1337 1114 1378 et
1156 1335 1204 1378 in
1242 1335 1447 1379 futurum
1481 1350 1636 1379 omnes

203 1412 305 1441 eum
357 1397 413 1440 ad
466 1396 702 1441 emendum
755 1400 853 1441 tum
907 1397 1042 1441 etiam
1096 1397 1151 1440 ad
1204 1397 1468 1442 solvendum
1516 1397 1637 1441 allici

201 1459 477 1504 videbantur.
543 1459 712 1518 Magno
754 1460 865 1503 mihi
906 1476 983 1504 seu
1023 1460 1138 1504 ratio
1179 1461 1290 1504 haec
1330 1474 1409 1504 seu
1441 1459 1636 1505 facilitas
1663 1472 1700 1499 2⁰

206 1522 350 1579 stetit,
396 1522 471 1566 sed
514 1522 602 1566 fuit
645 1522 771 1567 tanti.
837 1521 955 1567 Nam
1003 1522 1186 1588 regione
1231 1525 1330 1567 tota
1372 1525 1417 1566 et
1458 1522 1636 1567 novitas

204 1585 478 1629 remissionis
520 1588 564 1629 et
602 1585 750 1629 forma
787 1585 1009 1630 laudatur.
1075 1585 1146 1629 Ex
1178 1586 1290 1643 ipsis
1324 1585 1479 1642 etiam,
1523 1600 1636 1642 quos

205 1662 297 1690 non
323 1663 433 1706 una,
465 1651 515 1691 ut
543 1648 726 1705 dicitur,
758 1648 947 1706 pertica,
982 1648 1059 1692 sed
1087 1648 1297 1692 distincte
1324 1647 1636 1707 gradatimque

204 1711 412 1767 tractavi,
459 1713 626 1768 quanto
669 1711 768 1768 quis
809 1711 967 1755 melior
1013 1713 1058 1755 et
1103 1711 1305 1768 probior,
1351 1713 1478 1754 tanto
1525 1710 1637 1754 mihi

207 1773 450 1831 obligatior
496 1773 605 1817 abiit
652 1776 862 1831 expertus
912 1789 1005 1818 non
1052 1788 1148 1818 esse
1195 1773 1314 1831 apud
1358 1789 1428 1817 me
1475 1771 1532 1818 ἐν
1579 1773 1639 1816 ou
1664 1785 1699 1811 525

209 1835 260 1893 ἰῇ
294 1841 419 1894 τιμῇ
453 1835 587 1892 ἠμὲν
620 1837 789 1880 κακὸν
821 1836 918 1893 ἠδὲ
951 1836 1040 1880 καὶ
1075 1835 1294 1880 ἐσθλόν.
1360 1835 1485 1880 Vale.
1629 1844 1633 1850 ’

881 1953 958 1992 ΠΙ.
1134 1939 1224 1991 dus
1241 1958 1360 2022 ,aaa

583 2042 624 2074 (,“.
651 2042 852 2075 PLINIUS
883 2041 1071 2075 SPARSO
1102 2042 1198 2075 SUO
1229 2042 1264 2075 S.

299 2121 503 2179 Librum,
540 2138 672 2179 quem
693 2124 937 2168 novissime
958 2123 1042 2167 tibi
1064 2124 1184 2181 misi,
1219 2140 1275 2167 ex
1296 2124 1505 2168 omnibus
1527 2124 1637 2168 meis

207 2185 279 2228 vel
305 2185 498 2229 maxime
525 2187 699 2243 placere
727 2187 967 2245 significas.
1032 2187 1118 2230 Est
1141 2187 1295 2231 eadem
1317 2186 1471 2244 opinio
1492 2187 1638 2238 cuius-

209 2247 311 2290 dam
339 2247 642 2291 eruditissimi.
703 2248 800 2301 Quo
823 2250 966 2308 magis
988 2249 1206 2307 adducor,
1238 2252 1290 2293 ut
1309 2251 1519 2293 neutrum
1540 2249 1638 2292 falli

208 2312 382 2367 putem,
422 2310 528 2366 quia
559 2326 651 2354 non
685 2314 752 2354 est
786 2312 995 2355 credibile
1029 2315 1272 2369 utrumque
1305 2312 1421 2367 falli,
1456 2314 1500 2355 et
1534 2312 1639 2369 quia

310 2438 330 2469 1
350 2434 453 2481 Very.
471 2435 566 2470 Aen.
586 2434 713 2470 V305.
818 2438 838 2469 5
862 2435 1037 2471 facerent
1056 2448 1086 2471 r.
1126 2439 1166 2460 -⁴'
1193 2439 1212 2471 7
1235 2446 1365 2482 quae
1390 2464 1396 2471 .
1420 2436 1640 2471 excesserat

208 2496 244 2528 α,
273 2483 408 2521 Oatan.
542 2487 585 2519 15
614 2484 776 2530 aequari
805 2498 840 2528 α,
871 2486 921 2521 Κ.
944 2486 1002 2530 ΙΙ,
1031 2486 1182 2531 Muell„
1211 2496 1380 2532 aequare
1410 2486 1462 2522 M
1468 2498 1500 2530 r,
1529 2485 1580 2522 K.
1604 2486 1636 2522 1.
1702 2488 1716 2534 ἦ

209 2537 255 2570 25
284 2534 396 2570 Hom.
420 2535 447 2570 Ι
463 2536 548 2570 319.
996 2551 1032 2569 ιη
1687 2535 1716 2742 j
