1630 2678
149 111 207 155 86
739 100 778 137 C.
805 98 938 136 PLINI

186 230 306 274 207ae
316 219 538 297 snb-Z.)
785 226 890 266 XXI.

378 320 418 352 c.
440 316 635 351 PLINIUS
663 314 910 349 CORNEmo
936 311 1112 346 musco
1139 310 1235 345 suo
1262 310 1301 344 s,

105 414 123 445 1
229 399 371 444 Audio
416 396 637 440 Valerium
688 394 930 438 Martialem
979 391 1214 436 decessisse
1260 392 1305 434 et
1350 390 1536 434 moleste

151 463 254 506 fero.
318 460 423 503 Erat
453 459 584 501 homo
617 456 882 514 ingeniosuS,
914 456 1079 509 acutus,
1111 467 1222 509 acer,
1254 454 1300 496 et
1331 451 1409 509 qui
1438 451 1536 509 plu-

150 524 307 566 rimum
339 521 382 563 in
415 518 642 563 scribendo
675 519 719 560 et
750 516 852 559 salis
890 515 1071 558 haberet
1101 517 1146 557 et
1175 513 1292 557 fellis
1316 527 1400 557 nec
1436 526 1536 557 can-
1567 529 1584 557 5

104 595 124 627 2
151 583 266 627 doris
307 581 459 625 minus.
541 579 802 622 Prosecutus
856 592 972 620 eram
1026 575 1187 619 viatico
1240 573 1536 631 secedentem3

152 644 349 688 dederam
380 642 465 684 hoc
497 639 730 694 amicitiae,
763 637 964 682 dederam
990 637 1121 680 etiam
1153 634 1392 693 versiculis,
1424 649 1536 692 quos

105 716 126 748 3
153 705 203 748 de
244 719 311 747 me
354 701 611 758 composuit.
688 699 791 743 Fuit
831 699 965 742 moris
1006 698 1179 754 antiqui
1219 711 1313 754 eos,
1348 696 1427 754 qui
1464 696 1539 740 vel

151 765 422 823 singulorum
452 762 602 806 laudes
643 762 713 804 vel
753 760 928 803 urbium
965 759 1248 816 scripserant,
1285 760 1363 802 aut
1397 757 1538 802 hono-

150 827 270 870 ribus
302 827 377 868 aut
401 823 587 880 pecunia
625 837 797 877 ornare3
835 821 995 864 nostris
1033 835 1137 864 vero
1174 818 1450 877 temporibus
1486 820 1540 862 ut
1563 834 1599 862 ιο

152 888 237 930 alia
279 886 475 943 speciosa
514 887 558 926 et
601 883 777 941 egregia
820 883 882 925 ita
921 882 1006 926 hoc
1046 881 1093 924 in
1135 881 1291 938 primis
1335 880 1538 924 exolevit.

150 947 277 1004 Nam,
309 948 542 1003 postquam
573 944 778 988 desiimus
798 943 938 987 facere
969 942 1199 999 laudanda,
1229 941 1401 986 laudari
1433 955 1540 998 quo·

105 1018 127 1051 4
154 1023 236 1065 que
267 1009 464 1064 ineptum
494 1008 710 1062 putamus.
744 1004 936 1060 Quaeris,
969 1004 1044 1060 qui
1077 1004 1166 1047 sint
1195 1003 1414 1060 versiculi,
1445 1003 1540 1060 qui-

153 1070 232 1112 bus
259 1068 444 1127 gratiam
470 1067 631 1110 rettuli.
689 1065 970 1109 Remitterem
996 1068 1039 1108 te
1065 1065 1119 1108 ad
1145 1065 1292 1122 ipsum
1317 1064 1539 1120 volumen,

154 1130 238 1173 nisi
269 1129 480 1185 quosdam
511 1131 721 1183 tenerem3
752 1130 819 1182 tu,
852 1126 889 1170 si
920 1127 1165 1183 placuerint
1195 1126 1261 1182 hi,
1295 1127 1461 1170 ceteros
1492 1124 1540 1168 in
1566 1140 1600 1168 ιε

107 1201 127 1234 5
151 1191 264 1234 libro
296 1190 499 1246 requires.
562 1187 830 1244 Adloquitur
854 1188 1036 1244 Musam,
1063 1187 1253 1244 mandat,
1284 1189 1336 1230 ut
1359 1186 1540 1230 domum

156 1266 295 1295 meam
327 1250 537 1306 Esquiliis
571 1252 760 1305 quaerat,
794 1249 919 1292 adeat
950 1251 1215 1292 reverenter:

330 1346 426 1391 Sed
457 1363 516 1390 ne
548 1349 785 1403 tempore
816 1362 918 1390 non
949 1349 1037 1390 tuo
1071 1346 1324 1390 disertam

331 1409 512 1464 pulses
545 1408 689 1451 ebria
720 1408 947 1463 ianuam,
981 1407 1170 1451 videto.

332 1468 488 1512 Totos
522 1469 608 1512 dat
638 1468 857 1512 tetricae
889 1469 997 1512 dies
1030 1469 1316 1526 Minervae,
1567 1488 1604 1516 ὀ

334 1530 447 1572 dum
481 1532 686 1572 centum
719 1530 901 1573 studet
933 1530 1147 1574 auribus
1179 1531 1415 1574 virorum

335 1591 447 1644 hoc,
481 1591 614 1646 quod
647 1591 854 1634 saecula
885 1591 1200 1648 posterique
1232 1590 1447 1648 possint

335 1650 550 1706 Arpinis
583 1666 787 1707 quoque
820 1666 1122 1708 comparare
1155 1651 1365 1696 chartis.

337 1710 488 1755 Seras
514 1714 684 1755 tutior
716 1713 816 1755 ibis
850 1712 910 1755 ad
940 1714 1201 1758 lucernas:

335 1772 459 1814 haec
490 1772 615 1814 hora
647 1775 723 1815 est
754 1776 860 1829 tua,
894 1789 1005 1817 cum
1037 1775 1168 1818 furit
1199 1774 1421 1832 Lyaeus,
1570 1793 1606 1821 ει

337 1848 447 1876 cum
480 1835 661 1890 regnat
692 1848 825 1889 rosa,
857 1849 968 1878 cum
1001 1836 1205 1879 madent
1236 1835 1434 1893 capilli.

337 1893 478 1936 Tunc
510 1909 583 1935 me
615 1895 698 1936 vel
728 1895 891 1952 rigidi
923 1896 1104 1953 legant
1137 1896 1374 1940 Catones.

114 2017 136 2050 6
161 2003 372 2048 Meritone
404 2018 514 2058 eum,
547 2003 622 2058 qui
652 2003 758 2046 haec
790 2004 841 2046 de
873 2020 942 2047 me
974 2006 1163 2062 scripsit,
1196 2009 1240 2050 et
1269 2009 1377 2051 tunc
1401 2005 1548 2050 dimisi

163 2064 423 2108 amicissime
467 2066 510 2106 et
546 2078 662 2106 nunc
706 2067 755 2106 ut
798 2065 1109 2110 amicissimum
1154 2067 1411 2112 defunctum
1452 2081 1548 2111 esse

164 2124 323 2169 doleo?
384 2123 516 2167 Dedit
547 2124 661 2167 enim
694 2125 821 2181 mihi,
855 2129 1065 2181 quantum
1103 2129 1344 2172 maximum
1387 2128 1548 2186 potuit,
1573 2147 1610 2174 ιο

164 2186 343 2229 daturus
376 2185 576 2241 amplius,
619 2186 655 2227 si
699 2187 922 2240 potuisset.
995 2187 1186 2232 Tametsi
1231 2189 1336 2246 quid
1376 2188 1549 2234 homini

262 2321 284 2353 8
310 2316 480 2362 antiquis
507 2316 621 2360 Frsy
656 2317 756 2361 Otto,
789 2319 903 2363 Boot,
938 2321 1084 2365 MuelL,
1115 2322 1158 2356 in
1189 2322 1227 2358 R
1259 2333 1351 2366 corr.
1377 2333 1426 2358 m.
1450 2323 1479 2358 2
1503 2331 1551 2358 ex

165 2366 328 2413 antiqui,
347 2365 445 2412 quod
462 2365 598 2400 habent
615 2366 693 2401 rell.
709 2367 956 2411 probantibus
976 2370 1026 2404 Κ.
1047 2374 1080 2405 et
1099 2370 1218 2406 Merr.
1299 2373 1344 2406 18
1372 2369 1548 2407 Mamm.

165 2415 209 2451 Χ
227 2419 285 2461 19,
307 2417 363 2451 12.
441 2417 485 2450 19
504 2413 591 2449 vide
613 2414 764 2458 MFR,
783 2416 845 2451 sed
865 2417 905 2452 F
920 2429 1020 2453 man.
1035 2420 1058 2453 3
1072 2429 1164 2455 corr.
1179 2418 1319 2455 videto.
