1630 2678
499 133 855 172 EPISTULARUM
880 133 933 170 1v
960 137 980 169 '1
986 137 1068 170 —9.
1424 133 1484 178 93

84 249 205 309 quod
234 247 294 293 M.
314 247 487 293 Tullius
519 262 661 306 augur
691 247 788 291 fuit.
851 246 1049 291 Laetaris
1082 246 1219 302 enim,
1257 244 1375 302 quod
1407 244 1484 288 ho-

84 310 266 356 noribus
297 309 392 354 eius
423 308 643 365 insistam,
676 324 807 365 quem
840 308 1053 352 aemulari
1085 308 1132 351 in
1151 306 1308 351 studiis
1342 306 1485 363 cupio.

86 371 173 418 Sed
190 371 385 427 utinam,
409 373 461 414 ut
485 370 778 415 sacerdotium
803 370 939 426 idem,
964 372 1015 413 ut
1040 369 1319 413 consulatum
1345 367 1486 411 multo
1513 377 1535 410 5

85 433 219 478 etiam
259 433 461 476 iuvenior
501 447 633 501 quam
671 432 747 475 ille
789 447 887 475 sum
929 434 1212 486 consecutus,
1253 430 1316 474 ita
1353 443 1488 473 senex

42 513 62 542 s
86 495 243 540 saltem
274 493 501 564 ingenium
535 493 628 537 eius
661 493 810 562 aliqua
841 508 895 536 ex
932 495 1057 550 parte
1089 491 1271 548 adsequi
1301 490 1488 548 possim!

87 554 175 601 Sed
205 555 434 611 nimirum,
486 570 598 611 quae
639 557 744 598 sunt
774 554 821 598 in
854 569 988 598 manu
1019 554 1270 609 hominum,
1302 555 1347 597 et
1377 552 1488 596 mihi
1515 560 1536 593 6

86 619 133 663 et
155 617 309 661 multis
335 617 635 675 contigerunt,
666 616 776 659 illud
802 631 907 659 vero
934 618 985 659 ut
1009 615 1194 672 adipisci
1214 613 1400 658 arduum
1425 613 1489 657 sic

87 678 222 723 etiam
263 692 437 735 sperare
476 677 663 720 nimium
704 680 788 733 est,
834 677 953 733 quod
992 677 1086 720 dari
1123 691 1215 720 non
1245 675 1332 719 nisi
1363 691 1390 719 a
1422 675 1488 719 dis

87 742 247 798 potent
311 738 434 783 Vale.

27 819 65 847 ιο
754 803 824 842 IX.
932 799 1053 846 2112!
1053 796 1231 877 [sta-&5
1257 808 1432 852 bassas
1450 806 1626 876 JA‘AEJ’*

342 890 385 925 C.
406 891 608 925 PLINIUS
636 890 888 925 CORNELIO
916 890 1046 924 URSO
1075 890 1168 924 SUO
1198 890 1235 923 S.

189 970 374 1016 Causam
406 987 485 1029 per
515 972 597 1015 hos
623 971 715 1015 dies
747 971 860 1016 dixit
890 970 1029 1016 Iulius
1055 971 1239 1027 Bassus,
1270 972 1404 1015 homo
1429 971 1491 1014 la·
1519 983 1537 1015 1

89 1033 292 1078 bor-iosus
333 1036 379 1077 et
418 1033 612 1077 adversis
654 1033 744 1077 suis
787 1033 943 1077 clarus.
1013 1031 1259 1077 Accusatus
1302 1035 1368 1076 est
1409 1031 1491 1076 sub

89 1093 364 1152 Vespasiano
390 1109 418 1138 a
442 1094 626 1152 privatis
654 1094 846 1151 duobus,
871 1094 926 1138 ad
953 1097 1153 1138 senatum
1180 1094 1389 1138 remissus
1416 1093 1493 1136 diu

29 1173 64 1202 ιε
90 1155 323 1214 pependit,
358 1155 539 1200 tandem
577 1156 806 1200 absolutus
845 1156 1191 1212 vindicatusque.
1257 1155 1407 1199 Titum
1439 1154 1489 1197 ti·
1518 1166 1540 1198 2

90 1216 205 1262 muit
234 1219 285 1261 ut
315 1216 560 1261 Domitiani
591 1217 775 1273 amicus,
814 1232 840 1260 a
872 1217 1128 1261 Domitiano
1160 1217 1380 1275 relegatus
1408 1218 1494 1272 est3

89 1281 322 1323 revocatus
363 1294 389 1322 a
431 1278 581 1322 Nerva
618 1278 888 1335 sortitusque
921 1278 1179 1336 Bithyniam
1218 1277 1350 1321 rediit
1380 1292 1494 1334 reus,

93 1342 322 1384 accusatus
365 1354 456 1383 non
498 1340 642 1383 minus
685 1340 843 1384 acriter
884 1355 1016 1396 quam
1055 1340 1245 1383 fideliter
1276 1339 1493 1382 defensus.

93 1399 250 1445 Varias
282 1401 521 1445 sententias
554 1401 726 1457 habuit,
759 1402 907 1458 plures
945 1404 1093 1444 tamen
1126 1401 1252 1457 quasi
1284 1400 1493 1444 mitiores.

30 1479 68 1507 πο
92 1460 200 1520 Egit
230 1465 386 1506 contra
417 1478 516 1506 eum
549 1462 820 1519 Pomponius
853 1462 1015 1518 Rufus,
1046 1462 1113 1505 vir
1143 1464 1322 1519 paratus
1349 1464 1393 1505 et
1424 1477 1494 1505 ve·
1521 1472 1543 1505 8

91 1523 290 1580 hemens3
331 1522 449 1567 Rufo
488 1525 699 1568 successit
736 1523 1046 1580 Theophanes,
1086 1538 1199 1566 unus
1238 1538 1292 1566 ex
1323 1523 1494 1581 legatis,

92 1584 168 1628 fax
198 1584 490 1629 accusationis
529 1588 574 1628 et
612 1585 752 1643 origo.
817 1584 1044 1641 Respondi
1077 1599 1171 1643 ego.
1234 1583 1352 1628 Nam
1386 1584 1494 1627 mihi
1520 1595 1543 1627 4

93 1644 257 1689 Bassus
298 1645 568 1702 iniunxerat,
620 1649 671 1689 ut
714 1646 852 1689 totius
897 1645 1164 1690 defensionis
1209 1645 1495 1689 fundamenta

93 1706 301 1763 iacerem,
340 1706 528 1751 dicerem
575 1707 627 1750 de
666 1706 935 1750 ornamentis
969 1707 1077 1763 suis,
1117 1722 1229 1764 quae
1267 1707 1334 1750 ini
1366 1710 1410 1750 et
1441 1721 1496 1750 ex

33 1784 70 1813 ιε
94 1768 267 1826 generis
311 1768 510 1812 claritate
555 1771 599 1811 et
643 1783 697 1811 ex
741 1768 946 1824 periculis
996 1769 1103 1826 ipsis
1155 1783 1316 1826 magna
1360 1771 1495 1823 erant,

95 1827 284 1872 dicerem
322 1829 376 1872 de
408 1829 733 1885 conspiratione
765 1829 1022 1886 delatorum,
1061 1845 1193 1886 quam
1233 1831 1278 1872 in
1311 1832 1494 1886 quaestu
1522 1839 1544 1872 ὀ

95 1888 335 1945 habebant,
362 1889 551 1934 dicerem
571 1904 743 1946 causas,
775 1890 934 1946 quibus
962 1891 1319 1934 factiosissimum
1347 1905 1496 1946 quem-

98 1965 183 2006 que
215 1954 265 1993 ut
296 1950 421 1994 illum
454 1951 598 2007 ipsum
632 1950 932 2008 Theophanen
965 1952 1229 1996 offendisset.
1294 1951 1497 1995 Eundem

32 2044 34 2049 ,
97 2026 167 2055 me
187 2011 386 2055 voluerat
412 2026 636 2055 occurrere
662 2012 851 2067 crimini,
878 2028 965 2069 quo
993 2014 1180 2057 maxime
1207 2013 1496 2070 premebatur.

35 2090 73 2118 so
96 2070 151 2116 In
182 2072 279 2116 aliis
312 2073 429 2115 enim
469 2073 668 2129 quamvis
702 2074 854 2117 auditu
886 2075 1163 2132 gravioribus
1203 2089 1293 2117 non
1325 2074 1498 2117 absolu·

96 2133 264 2178 tionem
311 2134 461 2189 modo,
505 2149 654 2178 verum
701 2135 832 2179 etiam
877 2136 1051 2179 laudem
1098 2135 1368 2191 merebatur,
1412 2134 1497 2178 hoc
1524 2144 1545 2177 6

97 2194 224 2238 illum
257 2195 485 2250 onerabat,
519 2196 637 2251 quod
669 2195 803 2240 homo
837 2197 1025 2254 simplex
1058 2200 1101 2239 et
1133 2197 1334 2239 incautus
1368 2210 1498 2251 quae·

97 2255 197 2299 dam
229 2271 256 2300 a
287 2256 630 2314 provincialibus
663 2260 712 2300 ut
744 2257 908 2301 amicus
942 2261 1189 2315 acceperat3
1221 2272 1322 2300 nam
1356 2256 1499 2300 fuerat

198 2367 219 2399 2
253 2364 294 2400 in
320 2365 524 2411 RFpra,
558 2376 626 2401 om.
653 2365 747 2410 rell„
783 2366 832 2402 K.
984 2369 1005 2401 3
1038 2365 1198 2401 alterum
1233 2366 1277 2401 ut
1302 2376 1372 2402 om.
1402 2365 1497 2402 RF.

100 2414 300 2499 gmpoffleitxfi
328 2414 470 2457 MVs,
502 2414 550 2449 K.
572 2414 604 2450 Ι.
739 2418 781 2451 11
811 2413 985 2451 Cornelio
1012 2414 1100 2450 add.
1128 2425 1174 2450 esc
1201 2414 1248 2451 R.
1382 2417 1428 2450 28
1454 2415 1499 2449 ut
