1716 2742
98 459 117 491 1

146 121 236 165 308
590 116 629 153 C.
657 115 794 152 PLINI
820 115 885 152 ΕΤ
913 114 1129 151 TRAIANI

662 258 808 300 XCVI.
845 257 1051 312 [XCVII]

421 363 463 397 C.
485 361 691 396 PLINIUS
720 361 944 396 TRAIANO
972 361 1304 397 IMPERATORI.

240 445 466 491 Sollemne
499 447 568 490 est
599 444 730 502 mihi,
764 444 962 503 domine,
997 445 1168 502 omnia,
1209 444 1263 488 de
1304 444 1467 503 quibus
1495 445 1573 490 du-

144 510 258 567 bito,
292 509 347 552 ad
380 511 425 552 te
457 507 634 552 referre.
687 506 797 560 Quis
831 509 950 552 enim
980 510 1131 565 potest
1157 508 1317 552 melius
1343 509 1417 553 vel
1442 523 1574 554 cunc-

145 572 362 616 tationem
421 586 566 615 meam
624 585 777 630 regere
836 572 906 615 vel
969 571 1272 630 ignorantiam
1323 571 1574 616 instruere?>
1601 584 1618 612 5

147 634 489 693 Cognitionibus
531 634 584 677 de
629 631 895 679 Christianis
939 633 1123 678 interfui
1161 649 1431 692 numquam:
1473 634 1573 679 ideo

144 697 314 754 nescio,
349 697 457 754 quid
491 699 535 741 et
569 698 788 753 quatenus
822 699 900 741 aut
931 697 1084 754 puniri
1124 697 1266 742 soleat
1298 699 1377 741 aut
1409 697 1574 755 quaeri.

144 760 240 805 Nec
292 760 575 818 mediocriter
625 759 862 817 haesitavi,
922 760 1036 803 sitne
1095 759 1276 817 aliquod
1335 760 1575 805 discrimen

145 825 362 880 aetatum,
414 838 471 866 an
517 822 766 880 quamlibet
810 822 953 867 teneri
1001 822 1117 866 nihil
1169 838 1194 867 a
1245 822 1575 868 robustioribus

146 886 370 942 differant,
406 886 535 929 detur
567 885 868 943 paenitentiae
901 885 1050 943 venia,
1084 901 1142 929 an
1175 885 1236 943 ei,
1274 886 1352 943 qui
1392 885 1575 930 omnino
1603 899 1639 927 10

147 948 426 994 Christianus
459 948 566 1006 fuit,
600 948 765 992 desisse
798 964 890 993 non
924 949 1086 1006 prosit,
1126 963 1291 992 nomen
1329 949 1498 1007 ipsum,
1539 949 1578 993 ni

146 1012 330 1070 flagitiis
364 1014 531 1069 careat,
564 1027 622 1055 an
654 1011 827 1071 flagitia
861 1011 1147 1056 cohaerentia
1178 1011 1353 1056 nomini
1389 1011 1578 1070 punian-

146 1078 233 1119 tur.
298 1072 484 1118 Interim
517 1075 567 1118 in
609 1074 683 1132 iis,
727 1075 805 1132 qui
847 1075 903 1118 ad
946 1090 1017 1118 me
1058 1077 1289 1131 tamquam
1335 1072 1578 1119 Christiani

147 1137 477 1194 deferebantur,
516 1137 637 1181 hunc
676 1152 776 1181 sum
816 1140 994 1182 secutus
1035 1137 1232 1181 modum.
1297 1135 1579 1198 Interrogavi

146 1202 287 1259 ipsos,
321 1216 379 1244 an
412 1202 560 1244 essent
594 1198 847 1244 Christiani.
916 1199 1191 1244 Confitentes
1218 1199 1383 1244 iterum
1409 1215 1461 1245 ac
1492 1203 1576 1245 ter·
1606 1213 1642 1242 15

146 1264 210 1308 tio
245 1263 520 1322 interrogavi
554 1263 827 1321 supplicium
861 1263 1076 1307 minatus:
1107 1265 1442 1321 perseverantes
1476 1263 1579 1308 duci

146 1327 268 1372 iussi.
301 1325 461 1384 Neque
489 1325 608 1370 enim
636 1326 916 1384 dubitabam,
944 1327 1269 1384 qualecumque
1296 1329 1432 1384 esset,
1458 1326 1580 1384 quod

145 1390 412 1446 faterentur,
443 1388 737 1447 pertinaciam
771 1391 889 1434 certe
922 1392 966 1433 et
998 1388 1291 1433 inflexibilem
1318 1388 1581 1434 obstinatio-

146 1468 250 1497 nem
278 1452 438 1496 debere
464 1452 627 1509 puniri.
661 1451 863 1496 Fuerunt
890 1452 966 1496 alii
1000 1452 1159 1496 similis
1187 1451 1428 1510 amentiae,
1454 1467 1582 1511 quos,

148 1516 253 1573 quia
286 1515 403 1560 cives
438 1514 632 1559 Romani
666 1517 810 1573 erant,
844 1515 1056 1560 adnotavi
1088 1515 1137 1559 in
1168 1515 1326 1559 urbem
1352 1515 1580 1561 remitten-
1607 1529 1644 1558 20

148 1579 241 1623 dos.
306 1578 414 1622 Mox
447 1578 546 1636 ipso
580 1580 796 1636 tractatu,
827 1581 879 1622 ut
911 1578 1009 1622 fieri
1043 1579 1176 1636 solet,
1217 1577 1493 1623 diffundente
1534 1594 1580 1623 se

149 1641 334 1686 crimine
376 1642 528 1699 plures
573 1641 742 1699 species
787 1640 1052 1685 inciderunt.
1116 1640 1383 1699 Propositus
1424 1643 1492 1686 est
1528 1642 1582 1686 li-

147 1705 292 1749 bellus
327 1704 421 1748 sine
455 1706 637 1748 auctore
670 1704 916 1748 multorum
955 1704 1141 1748 nomina
1180 1705 1427 1749 continens.
1494 1703 1582 1758 Qui

148 1767 374 1826 negabant
407 1782 503 1812 esse
531 1782 576 1811 se
605 1766 883 1812 Christianos
918 1769 996 1811 aut
1021 1767 1182 1824 fuisse,
1209 1782 1312 1812 cum
1339 1770 1581 1826 praeeunte

149 1845 219 1874 me
254 1831 358 1875 deos
387 1830 668 1888 appellarent
695 1833 739 1874 et
765 1830 953 1889 imagini
978 1832 1095 1887 tuae,
1123 1845 1257 1887 quam
1284 1832 1470 1888 propter
1494 1831 1582 1876 hoc
1608 1843 1644 1871 25

149 1893 361 1937 iusseram
392 1908 493 1937 cum
528 1893 778 1937 simulacris
805 1892 1042 1937 numinum
1070 1893 1247 1951 adferri,
1272 1895 1371 1937 ture
1398 1908 1450 1938 ac
1475 1894 1581 1938 vino

151 1956 474 2013 supplicarent,
507 1959 737 2014 praeterea
770 1957 885 2000 male
920 1956 1118 2000 dicerent
1152 1954 1349 2013 Christo,
1389 1971 1580 2014 quorum

149 2018 264 2062 nihil
297 2034 428 2076 posse
462 2019 564 2078 cogi
598 2019 827 2077 dicuntur,
860 2019 938 2076 qui
967 2022 1078 2064 sunt
1109 2034 1156 2063 re
1189 2034 1294 2063 vera
1327 2017 1584 2078 Christiani,

151 2081 440 2126 dimittendos
475 2096 571 2126 esse
604 2082 772 2140 putavi.
838 2080 932 2125 Alii
966 2081 1020 2126 ab
1054 2081 1201 2126 indice
1233 2081 1454 2126 nominati
1487 2097 1583 2127 esse

152 2160 198 2189 se
233 2143 510 2188 Christianos
545 2144 755 2189 dixerunt
788 2147 832 2189 et
865 2160 971 2188 mox
996 2147 1292 2204 negaverunt3
1320 2145 1459 2190 fuisse
1487 2145 1583 2203 qui-
1610 2158 1646 2186 so

152 2207 272 2264 dem,
306 2207 382 2251 sed
417 2207 599 2266 desisse,
634 2208 816 2266 quidam
851 2210 954 2252 ante
980 2207 1243 2265 triennium,
1271 2208 1453 2265 quidam
1481 2210 1583 2252 ante

255 2359 276 2392 5
310 2354 502 2392 instruere
536 2369 572 2402 a,
601 2357 653 2393 K.
670 2358 729 2402 II,
764 2357 942 2393 extruere
971 2357 1020 2401 A,
1055 2357 1107 2394 K.
1123 2358 1158 2403 I,
1192 2357 1374 2394 excutere
1401 2356 1582 2394 Beroald.

156 2409 202 2442 10
230 2406 395 2442 dcturne
422 2418 457 2442 α.
612 2411 655 2443 11
685 2407 815 2453 ipsum
844 2407 963 2443 etiam
993 2407 1027 2444 si
1054 2419 1090 2444 a.
1245 2410 1290 2444 13
1317 2406 1359 2443 in
1386 2406 1475 2444 add.
1499 2406 1582 2444 Cat.

156 2459 202 2493 18
229 2455 491 2503 pervicaciam
519 2469 554 2492 a.
703 2460 750 2493 28
779 2457 868 2504 cogi
894 2468 1008 2504 posse
1036 2469 1071 2494 α.
1226 2460 1271 2493 31
1302 2456 1465 2504 quidam
1492 2458 1583 2494 ante

154 2507 295 2543 trienn.
317 2518 387 2544 om.
411 2506 461 2543 K.
479 2507 513 2552 1,
542 2508 684 2554 Hard„
709 2508 775 2545 sed
801 2520 834 2545 v.
862 2507 1016 2545 Arnold
1038 2520 1079 2555 p.
1103 2510 1164 2554 54,
1191 2508 1281 2545 adn.
