<?xml version="1.0" encoding="UTF-8"?>
<!DOCTYPE html PUBLIC "-//W3C//DTD XHTML 1.0 Transitional//EN"
    "http://www.w3.org/TR/xhtml1/DTD/xhtml1-transitional.dtd">
<html xmlns="http://www.w3.org/1999/xhtml" xml:lang="en" lang="en">
 <head>
  <title>
</title>
<meta http-equiv="Content-Type" content="text/html;charset=utf-8" />
  <meta name='ocr-system' content='tesseract 3.04.00' />
  <meta name='ocr-capabilities' content='ocr_page ocr_carea ocr_par ocr_line ocrx_word'/>
</head>
<body>
  <div class='ocr_page' id='page_1' title='image "./epistularumlibr00plin_0333.png"; bbox 0 0 1716 2742; ppageno 0'>
   <div class='ocr_carea' id='block_1_1' title="bbox 529 79 1547 127">
    <p class='ocr_par' dir='ltr' id='par_1_1' title="bbox 529 79 1547 127">
     <span class='ocr_line' id='line_1_1' title="bbox 529 79 1547 127; baseline 0.002 -9"><span class='ocrx_word' id='word_1_1' title='bbox 529 79 892 119; x_wconf 84' lang='lat' dir='ltr'>EPISTULARUM</span> <span class='ocrx_word' id='word_1_2' title='bbox 920 83 1128 118; x_wconf 83' lang='lat'><strong>115—119.</strong></span> <span class='ocrx_word' id='word_1_3' title='bbox 1458 81 1547 127; x_wconf 78' lang='lat'><strong>317</strong></span> 
     </span>
    </p>
   </div>
   <div class='ocr_carea' id='block_1_2' title="bbox 398 197 1280 311">
    <p class='ocr_par' dir='ltr' id='par_1_2' title="bbox 398 197 1280 311">
     <span class='ocr_line' id='line_1_2' title="bbox 631 197 1039 252; baseline -0.005 -11"><span class='ocrx_word' id='word_1_4' title='bbox 631 199 819 242; x_wconf 83' lang='lat' dir='ltr'><strong>cxvm.</strong></span> <span class='ocrx_word' id='word_1_5' title='bbox 856 197 1039 252; x_wconf 60' lang='lat' dir='ltr'><strong>[cm]</strong></span> 
     </span>
     <span class='ocr_line' id='line_1_3' title="bbox 398 275 1280 311; baseline -0.002 0"><span class='ocrx_word' id='word_1_6' title='bbox 398 276 441 311; x_wconf 85' lang='lat' dir='ltr'><strong>C.</strong></span> <span class='ocrx_word' id='word_1_7' title='bbox 462 277 668 311; x_wconf 86' lang='lat' dir='ltr'><strong>PLINIUS</strong></span> <span class='ocrx_word' id='word_1_8' title='bbox 697 276 921 311; x_wconf 86' lang='lat' dir='ltr'>TRAIANO</span> <span class='ocrx_word' id='word_1_9' title='bbox 948 275 1280 311; x_wconf 81' lang='lat' dir='ltr'><strong>IMPERATORI.</strong></span> 
     </span>
    </p>
   </div>
   <div class='ocr_carea' id='block_1_3' title="bbox 60 345 1603 1350">
    <p class='ocr_par' dir='ltr' id='par_1_3' title="bbox 60 345 1603 1350">
     <span class='ocr_line' id='line_1_4' title="bbox 215 345 1599 406; baseline -0.001 -15"><span class='ocrx_word' id='word_1_10' title='bbox 215 345 445 405; x_wconf 76' lang='lat' dir='ltr'><strong>Athletae,</strong></span> <span class='ocrx_word' id='word_1_11' title='bbox 480 347 678 405; x_wconf 89' lang='lat' dir='ltr'><strong>domine,</strong></span> <span class='ocrx_word' id='word_1_12' title='bbox 711 363 780 406; x_wconf 90' lang='lat' dir='ltr'><strong>ea,</strong></span> <span class='ocrx_word' id='word_1_13' title='bbox 815 363 929 405; x_wconf 85' lang='lat' dir='ltr'><strong>quae</strong></span> <span class='ocrx_word' id='word_1_14' title='bbox 961 362 1043 405; x_wconf 87' lang='lat' dir='ltr'><strong>pro</strong></span> <span class='ocrx_word' id='word_1_15' title='bbox 1078 346 1314 391; x_wconf 73' lang='lat' dir='ltr'><strong>iselasticis</strong></span> <span class='ocrx_word' id='word_1_16' title='bbox 1348 345 1550 391; x_wconf 89' lang='lat' dir='ltr'><strong>certami-</strong></span> <span class='ocrx_word' id='word_1_17' title='bbox 1579 357 1599 391; x_wconf 90' lang='lat'>1</span> 
     </span>
     <span class='ocr_line' id='line_1_5' title="bbox 121 409 1551 468; baseline -0.001 -13"><span class='ocrx_word' id='word_1_18' title='bbox 121 410 254 455; x_wconf 83' lang='lat' dir='ltr'><strong>nibus</strong></span> <span class='ocrx_word' id='word_1_19' title='bbox 287 410 583 468; x_wconf 85' lang='lat' dir='ltr'><strong>constituisti,</strong></span> <span class='ocrx_word' id='word_1_20' title='bbox 616 410 766 455; x_wconf 90' lang='lat' dir='ltr'><strong>deberi</strong></span> <span class='ocrx_word' id='word_1_21' title='bbox 799 411 886 454; x_wconf 91' lang='lat' dir='ltr'><strong>sibi</strong></span> <span class='ocrx_word' id='word_1_22' title='bbox 919 412 1082 468; x_wconf 91' lang='lat' dir='ltr'><strong>putant</strong></span> <span class='ocrx_word' id='word_1_23' title='bbox 1114 410 1267 454; x_wconf 90' lang='lat' dir='ltr'><strong>statim</strong></span> <span class='ocrx_word' id='word_1_24' title='bbox 1301 424 1356 453; x_wconf 84' lang='lat' dir='ltr'><strong>ex</strong></span> <span class='ocrx_word' id='word_1_25' title='bbox 1382 424 1434 453; x_wconf 91' lang='lat' dir='ltr'><strong>eo</strong></span> <span class='ocrx_word' id='word_1_26' title='bbox 1469 409 1551 467; x_wconf 93' lang='lat' dir='ltr'><strong>die,</strong></span> 
     </span>
     <span class='ocr_line' id='line_1_6' title="bbox 78 472 1551 532; baseline -0.001 -14"><span class='ocrx_word' id='word_1_27' title='bbox 78 489 96 518; x_wconf 70' lang='grc' dir='ltr'>ε</span> <span class='ocrx_word' id='word_1_28' title='bbox 122 488 212 532; x_wconf 87' lang='lat' dir='ltr'><strong>quo</strong></span> <span class='ocrx_word' id='word_1_29' title='bbox 227 475 333 518; x_wconf 73' lang='lat' dir='ltr'><strong>sunt</strong></span> <span class='ocrx_word' id='word_1_30' title='bbox 347 473 568 531; x_wconf 84' lang='lat' dir='ltr'><strong>coronati3</strong></span> <span class='ocrx_word' id='word_1_31' title='bbox 588 473 705 517; x_wconf 85' lang='lat' dir='ltr'><strong>nihil</strong></span> <span class='ocrx_word' id='word_1_32' title='bbox 720 473 839 518; x_wconf 89' lang='lat' dir='ltr'><strong>enim</strong></span> <span class='ocrx_word' id='word_1_33' title='bbox 853 473 1032 530; x_wconf 85' lang='lat' dir='ltr'><strong>referre,</strong></span> <span class='ocrx_word' id='word_1_34' title='bbox 1052 472 1231 530; x_wconf 90' lang='lat' dir='ltr'><strong>quando</strong></span> <span class='ocrx_word' id='word_1_35' title='bbox 1247 472 1338 516; x_wconf 89' lang='lat' dir='ltr'><strong>sint</strong></span> <span class='ocrx_word' id='word_1_36' title='bbox 1357 472 1551 530; x_wconf 89' lang='lat' dir='ltr'><strong>patriam</strong></span> 
     </span>
     <span class='ocr_line' id='line_1_7' title="bbox 121 509 1553 594; baseline -0.003 -11"><span class='ocrx_word' id='word_1_37' title='bbox 121 535 307 594; x_wconf 81' lang='lat' dir='ltr'><strong>invecti,</strong></span> <span class='ocrx_word' id='word_1_38' title='bbox 343 535 420 581; x_wconf 89' lang='lat' dir='ltr'><strong>sed</strong></span> <span class='ocrx_word' id='word_1_39' title='bbox 454 509 633 594; x_wconf 65' lang='lat' dir='ltr'><strong>quando</strong></span> <span class='ocrx_word' id='word_1_40' title='bbox 669 537 910 580; x_wconf 82' lang='lat' dir='ltr'><strong>certamine</strong></span> <span class='ocrx_word' id='word_1_41' title='bbox 943 536 1152 593; x_wconf 84' lang='lat' dir='ltr'><strong>vicerint,</strong></span> <span class='ocrx_word' id='word_1_42' title='bbox 1187 550 1242 579; x_wconf 87' lang='lat' dir='ltr'><strong>ex</strong></span> <span class='ocrx_word' id='word_1_43' title='bbox 1275 551 1364 593; x_wconf 92' lang='lat' dir='ltr'><strong>quo</strong></span> <span class='ocrx_word' id='word_1_44' title='bbox 1400 535 1553 580; x_wconf 85' lang='lat' dir='ltr'><strong>invehi</strong></span> 
     </span>
     <span class='ocr_line' id='line_1_8' title="bbox 120 597 1553 658; baseline -0.002 -13"><span class='ocrx_word' id='word_1_45' title='bbox 120 599 310 658; x_wconf 82' lang='lat' dir='ltr'><strong>possint.</strong></span> <span class='ocrx_word' id='word_1_46' title='bbox 374 599 475 657; x_wconf 83' lang='lat' dir='ltr'><strong>Ego</strong></span> <span class='ocrx_word' id='word_1_47' title='bbox 518 599 824 644; x_wconf 89' lang='lat' dir='ltr'><strong>contrascribo</strong></span> <span class='ocrx_word' id='word_1_48' title='bbox 867 598 1100 644; x_wconf 89' lang='lat' dir='ltr'><strong>iselastici</strong></span> <span class='ocrx_word' id='word_1_49' title='bbox 1138 597 1344 643; x_wconf 86' lang='lat' dir='ltr'><strong>nomine&#39;</strong></span> <span class='ocrx_word' id='word_1_50' title='bbox 1351 599 1553 656; x_wconf 90' lang='lat' dir='ltr'><strong>:itaque</strong></span> 
     </span>
     <span class='ocr_line' id='line_1_9' title="bbox 120 661 1552 720; baseline -0.001 -13"><span class='ocrx_word' id='word_1_51' title='bbox 120 666 359 720; x_wconf 77' lang='lat' dir='ltr'><strong>temporum</strong></span> <span class='ocrx_word' id='word_1_52' title='bbox 392 677 547 706; x_wconf 87' lang='lat' dir='ltr'><strong>eorum</strong></span> <span class='ocrx_word' id='word_1_53' title='bbox 580 662 866 706; x_wconf 86' lang='lat' dir='ltr'><strong>vehementer</strong></span> <span class='ocrx_word' id='word_1_54' title='bbox 906 661 1164 705; x_wconf 82' lang='lat' dir='ltr'><strong>addubitem</strong></span> <span class='ocrx_word' id='word_1_55' title='bbox 1205 677 1263 705; x_wconf 90' lang='lat' dir='ltr'><strong>an</strong></span> <span class='ocrx_word' id='word_1_56' title='bbox 1302 661 1361 705; x_wconf 88' lang='lat' dir='ltr'><strong>sit</strong></span> <span class='ocrx_word' id='word_1_57' title='bbox 1400 661 1552 719; x_wconf 88' lang='lat' dir='ltr'><strong>potius</strong></span> 
     </span>
     <span class='ocr_line' id='line_1_10' title="bbox 121 723 1601 784; baseline -0.001 -14"><span class='ocrx_word' id='word_1_58' title='bbox 121 725 168 770; x_wconf 90' lang='lat' dir='ltr'><strong>id</strong></span> <span class='ocrx_word' id='word_1_59' title='bbox 190 726 405 783; x_wconf 90' lang='lat' dir='ltr'><strong>[tempus]</strong></span> <span class='ocrx_word' id='word_1_60' title='bbox 414 761 427 784; x_wconf 85' lang='lat'><strong>,</strong></span> <span class='ocrx_word' id='word_1_61' title='bbox 457 740 547 782; x_wconf 92' lang='lat' dir='ltr'><strong>quo</strong></span> <span class='ocrx_word' id='word_1_62' title='bbox 569 725 834 783; x_wconf 77' lang='grc' dir='ltr'><strong><em>εἰσήλασαν,</em></strong></span> <span class='ocrx_word' id='word_1_63' title='bbox 867 724 1143 769; x_wconf 88' lang='lat' dir='ltr'><strong>intuendum.</strong></span> <span class='ocrx_word' id='word_1_64' title='bbox 1201 723 1344 768; x_wconf 91' lang='lat' dir='ltr'><strong>Iidem</strong></span> <span class='ocrx_word' id='word_1_65' title='bbox 1365 724 1554 768; x_wconf 88' lang='lat' dir='ltr'><strong>obsonia</strong></span> <span class='ocrx_word' id='word_1_66' title='bbox 1579 736 1601 769; x_wconf 83' lang='lat'><strong>2</strong></span> 
     </span>
     <span class='ocr_line' id='line_1_11' title="bbox 60 787 1554 848; baseline -0.003 -14"><span class='ocrx_word' id='word_1_67' title='bbox 60 804 97 834; x_wconf 78' lang='grc' dir='ltr'><strong>ιο</strong></span> <span class='ocrx_word' id='word_1_68' title='bbox 121 790 283 848; x_wconf 88' lang='lat' dir='ltr'><strong>petunt</strong></span> <span class='ocrx_word' id='word_1_69' title='bbox 321 803 403 846; x_wconf 91' lang='lat' dir='ltr'><strong>pro</strong></span> <span class='ocrx_word' id='word_1_70' title='bbox 444 803 496 832; x_wconf 92' lang='lat' dir='ltr'><strong>eo</strong></span> <span class='ocrx_word' id='word_1_71' title='bbox 531 803 695 847; x_wconf 88' lang='lat' dir='ltr'><strong>agone,</strong></span> <span class='ocrx_word' id='word_1_72' title='bbox 735 788 812 845; x_wconf 90' lang='lat' dir='ltr'><strong>qui</strong></span> <span class='ocrx_word' id='word_1_73' title='bbox 852 803 878 831; x_wconf 92' lang='lat' dir='ltr'><strong>a</strong></span> <span class='ocrx_word' id='word_1_74' title='bbox 916 790 961 831; x_wconf 89' lang='lat' dir='ltr'><strong>te</strong></span> <span class='ocrx_word' id='word_1_75' title='bbox 999 787 1249 832; x_wconf 82' lang='lat' dir='ltr'><strong>iselasticus</strong></span> <span class='ocrx_word' id='word_1_76' title='bbox 1289 787 1434 831; x_wconf 83' lang='lat' dir='ltr'><strong>factus</strong></span> <span class='ocrx_word' id='word_1_77' title='bbox 1475 789 1554 846; x_wconf 88' lang='lat' dir='ltr'><strong>est,</strong></span> 
     </span>
     <span class='ocr_line' id='line_1_12' title="bbox 123 849 1553 909; baseline -0.001 -13"><span class='ocrx_word' id='word_1_78' title='bbox 123 851 328 909; x_wconf 83' lang='lat' dir='ltr'><strong>quamvis</strong></span> <span class='ocrx_word' id='word_1_79' title='bbox 361 850 569 908; x_wconf 84' lang='lat' dir='ltr'><strong>vicerint,</strong></span> <span class='ocrx_word' id='word_1_80' title='bbox 608 853 711 895; x_wconf 89' lang='lat' dir='ltr'><strong>ante</strong></span> <span class='ocrx_word' id='word_1_81' title='bbox 752 866 886 908; x_wconf 91' lang='lat' dir='ltr'><strong>quam</strong></span> <span class='ocrx_word' id='word_1_82' title='bbox 919 851 1057 894; x_wconf 88' lang='lat' dir='ltr'><strong>fieret.</strong></span> <span class='ocrx_word' id='word_1_83' title='bbox 1122 849 1266 894; x_wconf 89' lang='lat' dir='ltr'><strong>Aiunt</strong></span> <span class='ocrx_word' id='word_1_84' title='bbox 1299 850 1419 894; x_wconf 91' lang='lat' dir='ltr'><strong>enim</strong></span> <span class='ocrx_word' id='word_1_85' title='bbox 1451 864 1553 894; x_wconf 91' lang='lat' dir='ltr'><strong>con-</strong></span> 
     </span>
     <span class='ocr_line' id='line_1_13' title="bbox 123 913 1555 974; baseline -0.001 -16"><span class='ocrx_word' id='word_1_86' title='bbox 123 929 288 974; x_wconf 85' lang='lat' dir='ltr'><strong>gruens</strong></span> <span class='ocrx_word' id='word_1_87' title='bbox 322 928 438 971; x_wconf 88' lang='lat' dir='ltr'><strong>esse,</strong></span> <span class='ocrx_word' id='word_1_88' title='bbox 471 913 588 958; x_wconf 87' lang='lat' dir='ltr'><strong>sicut</strong></span> <span class='ocrx_word' id='word_1_89' title='bbox 613 929 706 958; x_wconf 91' lang='lat' dir='ltr'><strong>non</strong></span> <span class='ocrx_word' id='word_1_90' title='bbox 739 914 869 957; x_wconf 90' lang='lat' dir='ltr'><strong>detur</strong></span> <span class='ocrx_word' id='word_1_91' title='bbox 902 913 987 957; x_wconf 86' lang='lat' dir='ltr'><strong>sibi</strong></span> <span class='ocrx_word' id='word_1_92' title='bbox 1014 928 1096 971; x_wconf 88' lang='lat' dir='ltr'><strong>pro</strong></span> <span class='ocrx_word' id='word_1_93' title='bbox 1131 913 1185 957; x_wconf 89' lang='lat' dir='ltr'><strong>iis</strong></span> <span class='ocrx_word' id='word_1_94' title='bbox 1221 913 1555 970; x_wconf 84' lang='lat' dir='ltr'><strong>certaminibus,</strong></span> 
     </span>
     <span class='ocr_line' id='line_1_14' title="bbox 123 975 1555 1035; baseline -0.001 -14"><span class='ocrx_word' id='word_1_95' title='bbox 123 992 238 1035; x_wconf 87' lang='lat' dir='ltr'><strong>quae</strong></span> <span class='ocrx_word' id='word_1_96' title='bbox 271 991 366 1021; x_wconf 90' lang='lat' dir='ltr'><strong>esse</strong></span> <span class='ocrx_word' id='word_1_97' title='bbox 398 977 644 1034; x_wconf 85' lang='lat' dir='ltr'><strong>iselastica,</strong></span> <span class='ocrx_word' id='word_1_98' title='bbox 675 979 918 1034; x_wconf 85' lang='lat' dir='ltr'><strong>postquam</strong></span> <span class='ocrx_word' id='word_1_99' title='bbox 951 976 1173 1033; x_wconf 84' lang='lat' dir='ltr'><strong>vicerunt,</strong></span> <span class='ocrx_word' id='word_1_100' title='bbox 1213 976 1458 1033; x_wconf 87' lang='lat' dir='ltr'><strong>desierunt,</strong></span> <span class='ocrx_word' id='word_1_101' title='bbox 1490 975 1555 1020; x_wconf 89' lang='lat' dir='ltr'><strong>ita</strong></span> 
     </span>
     <span class='ocr_line' id='line_1_15' title="bbox 122 1038 1603 1098; baseline 0 -14"><span class='ocrx_word' id='word_1_102' title='bbox 122 1055 206 1098; x_wconf 90' lang='lat' dir='ltr'><strong>pro</strong></span> <span class='ocrx_word' id='word_1_103' title='bbox 245 1039 301 1084; x_wconf 93' lang='lat' dir='ltr'><strong>iis</strong></span> <span class='ocrx_word' id='word_1_104' title='bbox 341 1039 457 1096; x_wconf 86' lang='lat' dir='ltr'><strong>dari,</strong></span> <span class='ocrx_word' id='word_1_105' title='bbox 503 1055 618 1097; x_wconf 87' lang='lat' dir='ltr'><strong>quae</strong></span> <span class='ocrx_word' id='word_1_106' title='bbox 658 1054 753 1084; x_wconf 86' lang='lat' dir='ltr'><strong>esse</strong></span> <span class='ocrx_word' id='word_1_107' title='bbox 793 1042 1048 1097; x_wconf 87' lang='lat' dir='ltr'><strong>coeperunt.</strong></span> <span class='ocrx_word' id='word_1_108' title='bbox 1115 1038 1203 1083; x_wconf 90' lang='lat' dir='ltr'><strong>Hic</strong></span> <span class='ocrx_word' id='word_1_109' title='bbox 1243 1054 1423 1096; x_wconf 91' lang='lat' dir='ltr'><strong>quoque</strong></span> <span class='ocrx_word' id='word_1_110' title='bbox 1461 1053 1555 1083; x_wconf 95' lang='lat' dir='ltr'><strong>non</strong></span> <span class='ocrx_word' id='word_1_111' title='bbox 1582 1050 1603 1084; x_wconf 86' lang='lat'><strong>3</strong></span> 
     </span>
     <span class='ocr_line' id='line_1_16' title="bbox 62 1101 1554 1160; baseline -0.001 -13"><span class='ocrx_word' id='word_1_112' title='bbox 62 1117 98 1146; x_wconf 78' lang='lat'><strong>15</strong></span> <span class='ocrx_word' id='word_1_113' title='bbox 123 1101 409 1147; x_wconf 85' lang='lat' dir='ltr'><strong>mediocriter</strong></span> <span class='ocrx_word' id='word_1_114' title='bbox 439 1103 621 1160; x_wconf 89' lang='lat' dir='ltr'><strong>haereo,</strong></span> <span class='ocrx_word' id='word_1_115' title='bbox 654 1118 710 1146; x_wconf 93' lang='lat' dir='ltr'><strong>ne</strong></span> <span class='ocrx_word' id='word_1_116' title='bbox 744 1102 1009 1160; x_wconf 87' lang='lat' dir='ltr'><strong>cuiusquam</strong></span> <span class='ocrx_word' id='word_1_117' title='bbox 1035 1104 1155 1146; x_wconf 88' lang='lat' dir='ltr'><strong>retro</strong></span> <span class='ocrx_word' id='word_1_118' title='bbox 1182 1101 1401 1146; x_wconf 79' lang='lat' dir='ltr'><strong>habeatur</strong></span> <span class='ocrx_word' id='word_1_119' title='bbox 1425 1102 1554 1159; x_wconf 90' lang='lat' dir='ltr'><strong>ratio,</strong></span> 
     </span>
     <span class='ocr_line' id='line_1_17' title="bbox 123 1164 1554 1224; baseline -0.001 -14"><span class='ocrx_word' id='word_1_120' title='bbox 123 1165 376 1224; x_wconf 86' lang='lat' dir='ltr'><strong>dandaque,</strong></span> <span class='ocrx_word' id='word_1_121' title='bbox 411 1180 524 1223; x_wconf 89' lang='lat' dir='ltr'><strong>quae</strong></span> <span class='ocrx_word' id='word_1_122' title='bbox 558 1167 687 1223; x_wconf 86' lang='lat' dir='ltr'><strong>tunc,</strong></span> <span class='ocrx_word' id='word_1_123' title='bbox 722 1180 824 1210; x_wconf 91' lang='lat' dir='ltr'><strong>cum</strong></span> <span class='ocrx_word' id='word_1_124' title='bbox 857 1166 1107 1222; x_wconf 87' lang='lat' dir='ltr'><strong>vincerent,</strong></span> <span class='ocrx_word' id='word_1_125' title='bbox 1138 1180 1232 1209; x_wconf 91' lang='lat' dir='ltr'><strong>non</strong></span> <span class='ocrx_word' id='word_1_126' title='bbox 1265 1164 1554 1209; x_wconf 89' lang='lat' dir='ltr'><strong>debebantur.</strong></span> 
     </span>
     <span class='ocr_line' id='line_1_18' title="bbox 123 1227 1555 1288; baseline -0.001 -15"><span class='ocrx_word' id='word_1_127' title='bbox 123 1227 254 1288; x_wconf 84' lang='lat' dir='ltr'><strong>Rogo</strong></span> <span class='ocrx_word' id='word_1_128' title='bbox 282 1243 413 1288; x_wconf 87' lang='lat' dir='ltr'><strong>ergo,</strong></span> <span class='ocrx_word' id='word_1_129' title='bbox 438 1230 490 1272; x_wconf 87' lang='lat' dir='ltr'><strong>ut</strong></span> <span class='ocrx_word' id='word_1_130' title='bbox 517 1228 845 1273; x_wconf 88' lang='lat' dir='ltr'><strong>dubitationem</strong></span> <span class='ocrx_word' id='word_1_131' title='bbox 878 1244 1023 1272; x_wconf 91' lang='lat' dir='ltr'><strong>meam</strong></span> <span class='ocrx_word' id='word_1_132' title='bbox 1051 1243 1225 1287; x_wconf 86' lang='lat' dir='ltr'><strong>regere,</strong></span> <span class='ocrx_word' id='word_1_133' title='bbox 1258 1227 1303 1271; x_wconf 90' lang='lat' dir='ltr'><strong>id</strong></span> <span class='ocrx_word' id='word_1_134' title='bbox 1331 1230 1399 1272; x_wconf 89' lang='lat' dir='ltr'><strong>est</strong></span> <span class='ocrx_word' id='word_1_135' title='bbox 1425 1227 1555 1272; x_wconf 89' lang='lat' dir='ltr'><strong>bene·</strong></span> 
     </span>
     <span class='ocr_line' id='line_1_19' title="bbox 122 1291 1023 1350; baseline -0.001 -14"><span class='ocrx_word' id='word_1_136' title='bbox 122 1291 226 1337; x_wconf 83' lang='lat' dir='ltr'><strong>ficia</strong></span> <span class='ocrx_word' id='word_1_137' title='bbox 256 1293 336 1336; x_wconf 88' lang='lat' dir='ltr'><strong>tua</strong></span> <span class='ocrx_word' id='word_1_138' title='bbox 367 1291 654 1349; x_wconf 89' lang='lat' dir='ltr'><strong>interpretari</strong></span> <span class='ocrx_word' id='word_1_139' title='bbox 686 1291 781 1349; x_wconf 91' lang='lat' dir='ltr'><strong>ipse</strong></span> <span class='ocrx_word' id='word_1_140' title='bbox 815 1291 1023 1350; x_wconf 86' lang='lat' dir='ltr'><strong>digneris.</strong></span> 
     </span>
    </p>
   </div>
   <div class='ocr_carea' id='block_1_4' title="bbox 61 1405 1080 1525">
    <p class='ocr_par' dir='ltr' id='par_1_4' title="bbox 61 1405 1080 1525">
     <span class='ocr_line' id='line_1_20' title="bbox 670 1405 1008 1460; baseline -0.003 -12"><span class='ocrx_word' id='word_1_141' title='bbox 670 1407 809 1448; x_wconf 76' lang='lat' dir='ltr'><strong>cxlx.</strong></span> <span class='ocrx_word' id='word_1_142' title='bbox 848 1405 1008 1460; x_wconf 66' lang='lat' dir='ltr'>[CXX]</span> 
     </span>
     <span class='ocr_line' id='line_1_21' title="bbox 61 1484 1080 1525; baseline -0.007 0"><span class='ocrx_word' id='word_1_143' title='bbox 61 1497 99 1525; x_wconf 77' lang='lat'><strong>20</strong></span> <span class='ocrx_word' id='word_1_144' title='bbox 607 1484 862 1520; x_wconf 85' lang='lat' dir='ltr'><strong>TRAIANUS</strong></span> <span class='ocrx_word' id='word_1_145' title='bbox 890 1485 1080 1519; x_wconf 87' lang='lat' dir='ltr'><strong>PLINIO.</strong></span> 
     </span>
    </p>
   </div>
   <div class='ocr_carea' id='block_1_5' title="bbox 62 1553 1560 1994">
    <p class='ocr_par' dir='ltr' id='par_1_5' title="bbox 123 1553 1558 1804">
     <span class='ocr_line' id='line_1_22' title="bbox 218 1553 1557 1613; baseline -0.003 -11"><span class='ocrx_word' id='word_1_146' title='bbox 218 1555 499 1602; x_wconf 86' lang='lat' dir='ltr'><strong>Iselasticum</strong></span> <span class='ocrx_word' id='word_1_147' title='bbox 532 1559 642 1601; x_wconf 88' lang='lat' dir='ltr'><strong>tunc</strong></span> <span class='ocrx_word' id='word_1_148' title='bbox 675 1556 872 1613; x_wconf 90' lang='lat' dir='ltr'><strong>primum</strong></span> <span class='ocrx_word' id='word_1_149' title='bbox 905 1554 1016 1598; x_wconf 91' lang='lat' dir='ltr'><strong>mihi</strong></span> <span class='ocrx_word' id='word_1_150' title='bbox 1050 1555 1228 1599; x_wconf 82' lang='lat' dir='ltr'><strong>videtur</strong></span> <span class='ocrx_word' id='word_1_151' title='bbox 1253 1554 1451 1612; x_wconf 89' lang='lat' dir='ltr'><strong>incipere</strong></span> <span class='ocrx_word' id='word_1_152' title='bbox 1485 1553 1557 1598; x_wconf 90' lang='lat' dir='ltr'><strong>de-</strong></span> 
     </span>
     <span class='ocr_line' id='line_1_23' title="bbox 123 1616 1558 1678; baseline -0.002 -13"><span class='ocrx_word' id='word_1_153' title='bbox 123 1620 240 1678; x_wconf 88' lang='lat' dir='ltr'><strong>beri,</strong></span> <span class='ocrx_word' id='word_1_154' title='bbox 271 1635 375 1665; x_wconf 93' lang='lat' dir='ltr'><strong>cum</strong></span> <span class='ocrx_word' id='word_1_155' title='bbox 408 1620 508 1678; x_wconf 91' lang='lat' dir='ltr'><strong>quis</strong></span> <span class='ocrx_word' id='word_1_156' title='bbox 541 1619 589 1663; x_wconf 91' lang='lat' dir='ltr'><strong>in</strong></span> <span class='ocrx_word' id='word_1_157' title='bbox 623 1619 852 1663; x_wconf 87' lang='lat' dir='ltr'><strong>civitatem</strong></span> <span class='ocrx_word' id='word_1_158' title='bbox 885 1633 1011 1662; x_wconf 89' lang='lat' dir='ltr'><strong>suam</strong></span> <span class='ocrx_word' id='word_1_159' title='bbox 1042 1618 1138 1676; x_wconf 89' lang='lat' dir='ltr'><strong>ipse</strong></span> <span class='ocrx_word' id='word_1_160' title='bbox 1167 1618 1423 1675; x_wconf 83' lang='grc' dir='ltr'><strong><em>εἰσήλασεν.</em></strong></span> <span class='ocrx_word' id='word_1_161' title='bbox 1470 1616 1558 1662; x_wconf 54' lang='grc' dir='ltr'><strong>Οἱ)ι</strong></span> 
     </span>
     <span class='ocr_line' id='line_1_24' title="bbox 124 1680 1558 1739; baseline -0.003 -11"><span class='ocrx_word' id='word_1_162' title='bbox 124 1683 252 1728; x_wconf 87' lang='lat' dir='ltr'><strong>sonia</strong></span> <span class='ocrx_word' id='word_1_163' title='bbox 290 1698 445 1728; x_wconf 87' lang='lat' dir='ltr'><strong>eorum</strong></span> <span class='ocrx_word' id='word_1_164' title='bbox 479 1682 795 1738; x_wconf 87' lang='lat' dir='ltr'><strong>certaminum,</strong></span> <span class='ocrx_word' id='word_1_165' title='bbox 835 1696 948 1739; x_wconf 90' lang='lat' dir='ltr'><strong>quae</strong></span> <span class='ocrx_word' id='word_1_166' title='bbox 987 1681 1212 1725; x_wconf 88' lang='lat' dir='ltr'><strong>iselastica</strong></span> <span class='ocrx_word' id='word_1_167' title='bbox 1251 1695 1346 1725; x_wconf 88' lang='lat' dir='ltr'><strong>esse</strong></span> <span class='ocrx_word' id='word_1_168' title='bbox 1386 1680 1558 1738; x_wconf 85' lang='lat' dir='ltr'><strong>placuit</strong></span> 
     </span>
     <span class='ocr_line' id='line_1_25' title="bbox 125 1743 1558 1804; baseline -0.003 -13"><span class='ocrx_word' id='word_1_169' title='bbox 125 1746 256 1804; x_wconf 88' lang='lat' dir='ltr'><strong>mihi,</strong></span> <span class='ocrx_word' id='word_1_170' title='bbox 296 1746 335 1790; x_wconf 90' lang='lat' dir='ltr'><strong>si</strong></span> <span class='ocrx_word' id='word_1_171' title='bbox 362 1748 465 1790; x_wconf 91' lang='lat' dir='ltr'><strong>ante</strong></span> <span class='ocrx_word' id='word_1_172' title='bbox 498 1746 722 1790; x_wconf 88' lang='lat' dir='ltr'><strong>iselastica</strong></span> <span class='ocrx_word' id='word_1_173' title='bbox 754 1760 846 1788; x_wconf 93' lang='lat' dir='ltr'><strong>non</strong></span> <span class='ocrx_word' id='word_1_174' title='bbox 878 1744 1080 1802; x_wconf 88' lang='lat' dir='ltr'><strong>fuerunt,</strong></span> <span class='ocrx_word' id='word_1_175' title='bbox 1118 1747 1238 1788; x_wconf 87' lang='lat' dir='ltr'><strong>retro</strong></span> <span class='ocrx_word' id='word_1_176' title='bbox 1271 1758 1364 1787; x_wconf 93' lang='lat' dir='ltr'><strong>non</strong></span> <span class='ocrx_word' id='word_1_177' title='bbox 1398 1743 1558 1788; x_wconf 89' lang='lat' dir='ltr'><strong>deben-</strong></span> 
     </span>
    </p>

    <p class='ocr_par' dir='ltr' id='par_1_6' title="bbox 62 1806 1560 1994">
     <span class='ocr_line' id='line_1_26' title="bbox 62 1806 1560 1867; baseline -0.001 -15"><span class='ocrx_word' id='word_1_178' title='bbox 62 1824 99 1852; x_wconf 79' lang='lat'><strong>25</strong></span> <span class='ocrx_word' id='word_1_179' title='bbox 125 1811 211 1854; x_wconf 91' lang='lat' dir='ltr'><strong>tur.</strong></span> <span class='ocrx_word' id='word_1_180' title='bbox 286 1808 382 1853; x_wconf 89' lang='lat' dir='ltr'><strong>Nec</strong></span> <span class='ocrx_word' id='word_1_181' title='bbox 423 1809 640 1867; x_wconf 90' lang='lat' dir='ltr'><strong>proficere</strong></span> <span class='ocrx_word' id='word_1_182' title='bbox 686 1822 768 1864; x_wconf 91' lang='lat' dir='ltr'><strong>pro</strong></span> <span class='ocrx_word' id='word_1_183' title='bbox 816 1806 1034 1851; x_wconf 88' lang='lat' dir='ltr'><strong>desiderio</strong></span> <span class='ocrx_word' id='word_1_184' title='bbox 1078 1806 1349 1851; x_wconf 89' lang='lat' dir='ltr'><strong>athletarum</strong></span> <span class='ocrx_word' id='word_1_185' title='bbox 1395 1808 1560 1864; x_wconf 88' lang='lat' dir='ltr'><strong>potest,</strong></span> 
     </span>
     <span class='ocr_line' id='line_1_27' title="bbox 126 1869 1559 1930; baseline -0.003 -14"><span class='ocrx_word' id='word_1_186' title='bbox 126 1872 249 1930; x_wconf 88' lang='lat' dir='ltr'><strong>quod</strong></span> <span class='ocrx_word' id='word_1_187' title='bbox 281 1887 455 1929; x_wconf 90' lang='lat' dir='ltr'><strong>eorum,</strong></span> <span class='ocrx_word' id='word_1_188' title='bbox 489 1887 602 1929; x_wconf 89' lang='lat' dir='ltr'><strong>quae</strong></span> <span class='ocrx_word' id='word_1_189' title='bbox 635 1873 793 1928; x_wconf 87' lang='lat' dir='ltr'><strong>postea</strong></span> <span class='ocrx_word' id='word_1_190' title='bbox 825 1870 1050 1914; x_wconf 86' lang='lat' dir='ltr'><strong>iselastica</strong></span> <span class='ocrx_word' id='word_1_191' title='bbox 1081 1885 1172 1913; x_wconf 91' lang='lat' dir='ltr'><strong>non</strong></span> <span class='ocrx_word' id='word_1_192' title='bbox 1209 1885 1303 1915; x_wconf 90' lang='lat' dir='ltr'><strong>esse</strong></span> <span class='ocrx_word' id='word_1_193' title='bbox 1331 1869 1559 1927; x_wconf 89' lang='lat' dir='ltr'><strong>constitui,</strong></span> 
     </span>
     <span class='ocr_line' id='line_1_28' title="bbox 127 1932 1560 1994; baseline -0.002 -15"><span class='ocrx_word' id='word_1_194' title='bbox 127 1950 263 1994; x_wconf 86' lang='lat' dir='ltr'><strong>quam</strong></span> <span class='ocrx_word' id='word_1_195' title='bbox 294 1934 514 1992; x_wconf 85' lang='lat' dir='ltr'><strong>vicerant,</strong></span> <span class='ocrx_word' id='word_1_196' title='bbox 554 1934 754 1992; x_wconf 90' lang='lat' dir='ltr'><strong>accipere</strong></span> <span class='ocrx_word' id='word_1_197' title='bbox 789 1932 1028 1977; x_wconf 88' lang='lat' dir='ltr'><strong>desierunt.</strong></span> <span class='ocrx_word' id='word_1_198' title='bbox 1094 1932 1270 1976; x_wconf 89' lang='lat' dir='ltr'><strong>Mutata</strong></span> <span class='ocrx_word' id='word_1_199' title='bbox 1303 1932 1421 1976; x_wconf 88' lang='lat' dir='ltr'><strong>enim</strong></span> <span class='ocrx_word' id='word_1_200' title='bbox 1456 1947 1560 1977; x_wconf 92' lang='lat' dir='ltr'><strong>con-</strong></span> 
     </span>
    </p>
   </div>
   <div class='ocr_carea' id='block_1_6' title="bbox 130 2011 428 2017">
    <p class='ocr_par' dir='ltr' id='par_1_7' title="bbox 130 2011 428 2017">
     <span class='ocr_line' id='line_1_29' title="bbox 130 2011 428 2017; baseline 0 0"><span class='ocrx_word' id='word_1_201' title='bbox 130 2011 428 2017; x_wconf 95' lang='lat' dir='ltr'><strong> </strong></span> 
     </span>
    </p>
   </div>
   <div class='ocr_carea' id='block_1_7' title="bbox 127 2067 1561 2521">
    <p class='ocr_par' dir='ltr' id='par_1_8' title="bbox 127 2067 1561 2521">
     <span class='ocr_line' id='line_1_30' title="bbox 230 2067 1560 2116; baseline -0.002 -8"><span class='ocrx_word' id='word_1_202' title='bbox 230 2076 250 2108; x_wconf 78' lang='lat'><strong>7</strong></span> <span class='ocrx_word' id='word_1_203' title='bbox 279 2070 546 2108; x_wconf 86' lang='lat' dir='ltr'><strong>contrascribo</strong></span> <span class='ocrx_word' id='word_1_204' title='bbox 568 2071 660 2116; x_wconf 83' lang='lat' dir='ltr'><strong>Aa,</strong></span> <span class='ocrx_word' id='word_1_205' title='bbox 691 2071 767 2116; x_wconf 90' lang='lat' dir='ltr'><strong>Or.,</strong></span> <span class='ocrx_word' id='word_1_206' title='bbox 795 2070 938 2115; x_wconf 82' lang='lat' dir='ltr'><strong>Hard.,</strong></span> <span class='ocrx_word' id='word_1_207' title='bbox 965 2070 1012 2115; x_wconf 84' lang='lat' dir='ltr'><strong>cf.</strong></span> <span class='ocrx_word' id='word_1_208' title='bbox 1034 2070 1207 2116; x_wconf 74' lang='lat' dir='ltr'><strong>inscript.</strong></span> <span class='ocrx_word' id='word_1_209' title='bbox 1233 2069 1295 2107; x_wconf 87' lang='lat' dir='ltr'><strong>Or.</strong></span> <span class='ocrx_word' id='word_1_210' title='bbox 1318 2072 1419 2107; x_wconf 68' lang='lat'><em>3:208</em></span> <span class='ocrx_word' id='word_1_211' title='bbox 1439 2067 1560 2116; x_wconf 75' lang='grc' dir='ltr'>(ἀντι-</span> 
     </span>
     <span class='ocr_line' id='line_1_31' title="bbox 127 2119 1560 2171; baseline -0.002 -12"><span class='ocrx_word' id='word_1_212' title='bbox 127 2122 329 2171; x_wconf 76' lang='grc' dir='ltr'>γραφεύς).</span> <span class='ocrx_word' id='word_1_213' title='bbox 457 2121 505 2157; x_wconf 86' lang='grc'><strong>8*</strong></span> <span class='ocrx_word' id='word_1_214' title='bbox 532 2121 668 2167; x_wconf 88' lang='lat' dir='ltr'><strong>itaque</strong></span> <span class='ocrx_word' id='word_1_215' title='bbox 689 2119 972 2169; x_wconf 79' lang='lat' dir='ltr'><strong>(temporum)</strong></span> <span class='ocrx_word' id='word_1_216' title='bbox 995 2131 1128 2156; x_wconf 86' lang='lat' dir='ltr'><strong>eorum</strong></span> <span class='ocrx_word' id='word_1_217' title='bbox 1156 2131 1233 2168; x_wconf 69' lang='lat' dir='ltr'><strong>eqo,</strong></span> <span class='ocrx_word' id='word_1_218' title='bbox 1260 2119 1398 2166; x_wconf 85' lang='lat' dir='ltr'><strong>itaque</strong></span> <span class='ocrx_word' id='word_1_219' title='bbox 1426 2130 1560 2156; x_wconf 89' lang='lat' dir='ltr'><strong>eorum</strong></span> 
     </span>
     <span class='ocr_line' id='line_1_32' title="bbox 127 2170 1561 2219; baseline -0.003 -9"><span class='ocrx_word' id='word_1_220' title='bbox 127 2175 220 2219; x_wconf 84' lang='lat' dir='ltr'><strong>Aa,</strong></span> <span class='ocrx_word' id='word_1_221' title='bbox 240 2172 301 2209; x_wconf 88' lang='lat' dir='ltr'><strong>ita</strong></span> <span class='ocrx_word' id='word_1_222' title='bbox 319 2173 366 2208; x_wconf 92' lang='lat' dir='ltr'><strong>ut</strong></span> <span class='ocrx_word' id='word_1_223' title='bbox 385 2172 581 2217; x_wconf 70' lang='lat' dir='ltr'><strong>Beroald„</strong></span> <span class='ocrx_word' id='word_1_224' title='bbox 603 2171 730 2208; x_wconf 85' lang='lat' dir='ltr'><strong>Hard.</strong></span> <span class='ocrx_word' id='word_1_225' title='bbox 822 2171 869 2207; x_wconf 73' lang='lat'><strong>9*</strong></span> <span class='ocrx_word' id='word_1_226' title='bbox 889 2172 1045 2217; x_wconf 86' lang='lat' dir='ltr'><strong>tempus</strong></span> <span class='ocrx_word' id='word_1_227' title='bbox 1066 2171 1158 2207; x_wconf 85' lang='lat' dir='ltr'><strong>eieci</strong></span> <span class='ocrx_word' id='word_1_228' title='bbox 1165 2185 1179 2215; x_wconf 89' lang='lat'><strong>‚·</strong></span> <span class='ocrx_word' id='word_1_229' title='bbox 1199 2170 1251 2207; x_wconf 90' lang='lat' dir='ltr'><strong>K.</strong></span> <span class='ocrx_word' id='word_1_230' title='bbox 1268 2171 1379 2217; x_wconf 80' lang='lat' dir='ltr'><strong>prob.</strong></span> <span class='ocrx_word' id='word_1_231' title='bbox 1402 2170 1561 2207; x_wconf 82' lang='lat' dir='ltr'><strong>Muell.:</strong></span> 
     </span>
     <span class='ocr_line' id='line_1_33' title="bbox 128 2219 1559 2272; baseline -0.004 -11"><span class='ocrx_word' id='word_1_232' title='bbox 128 2234 202 2272; x_wconf 86' lang='lat' dir='ltr'><strong>ego</strong></span> <span class='ocrx_word' id='word_1_233' title='bbox 231 2224 368 2260; x_wconf 87' lang='lat' dir='ltr'><strong>contra</strong></span> <span class='ocrx_word' id='word_1_234' title='bbox 395 2233 503 2259; x_wconf 85' lang='lat' dir='ltr'><strong>servo</strong></span> <span class='ocrx_word' id='word_1_235' title='bbox 530 2221 723 2258; x_wconf 85' lang='lat' dir='ltr'><strong>iselastici</strong></span> <span class='ocrx_word' id='word_1_236' title='bbox 749 2221 908 2258; x_wconf 89' lang='lat' dir='ltr'><strong>nomine</strong></span> <span class='ocrx_word' id='word_1_237' title='bbox 934 2221 1048 2266; x_wconf 79' lang='lat' dir='ltr'><strong>data3</strong></span> <span class='ocrx_word' id='word_1_238' title='bbox 1088 2232 1165 2267; x_wconf 91' lang='lat' dir='ltr'><strong>quo</strong></span> <span class='ocrx_word' id='word_1_239' title='bbox 1192 2220 1255 2265; x_wconf 84' lang='lat' dir='ltr'><strong>fit,</strong></span> <span class='ocrx_word' id='word_1_240' title='bbox 1282 2221 1328 2256; x_wconf 88' lang='lat' dir='ltr'><strong>ut</strong></span> <span class='ocrx_word' id='word_1_241' title='bbox 1354 2220 1438 2258; x_wconf 87' lang='lat' dir='ltr'><strong>veh.</strong></span> <span class='ocrx_word' id='word_1_242' title='bbox 1468 2219 1559 2256; x_wconf 87' lang='lat' dir='ltr'><strong>add.</strong></span> 
     </span>
     <span class='ocr_line' id='line_1_34' title="bbox 128 2270 1561 2321; baseline -0.003 -10"><span class='ocrx_word' id='word_1_243' title='bbox 128 2286 180 2311; x_wconf 82' lang='lat' dir='ltr'><strong>an</strong></span> <span class='ocrx_word' id='word_1_244' title='bbox 205 2273 259 2310; x_wconf 90' lang='lat' dir='ltr'><strong>sit</strong></span> <span class='ocrx_word' id='word_1_245' title='bbox 283 2286 322 2321; x_wconf 90' lang='lat' dir='ltr'><strong>p.</strong></span> <span class='ocrx_word' id='word_1_246' title='bbox 343 2273 386 2310; x_wconf 88' lang='lat' dir='ltr'><strong>id</strong></span> <span class='ocrx_word' id='word_1_247' title='bbox 411 2274 581 2319; x_wconf 75' lang='lat' dir='ltr'><strong>tempus,</strong></span> <span class='ocrx_word' id='word_1_248' title='bbox 609 2273 682 2309; x_wconf 84' lang='lat' dir='ltr'><strong>alii</strong></span> <span class='ocrx_word' id='word_1_249' title='bbox 707 2272 802 2309; x_wconf 87' lang='lat' dir='ltr'><strong>alia.</strong></span> <span class='ocrx_word' id='word_1_250' title='bbox 905 2275 950 2307; x_wconf 83' lang='lat'><strong>12</strong></span> <span class='ocrx_word' id='word_1_251' title='bbox 980 2282 1058 2308; x_wconf 88' lang='lat' dir='ltr'><strong>non</strong></span> <span class='ocrx_word' id='word_1_252' title='bbox 1079 2270 1195 2307; x_wconf 90' lang='lat' dir='ltr'><strong>detur</strong></span> <span class='ocrx_word' id='word_1_253' title='bbox 1215 2271 1281 2316; x_wconf 74' lang='lat' dir='ltr'><strong>K„</strong></span> <span class='ocrx_word' id='word_1_254' title='bbox 1302 2271 1456 2315; x_wconf 66' lang='lat' dir='ltr'><strong>Muell„</strong></span> <span class='ocrx_word' id='word_1_255' title='bbox 1482 2281 1561 2307; x_wconf 94' lang='lat' dir='ltr'><strong>non</strong></span> 
     </span>
     <span class='ocr_line' id='line_1_35' title="bbox 129 2320 1560 2369; baseline -0.002 -8"><span class='ocrx_word' id='word_1_256' title='bbox 129 2324 249 2361; x_wconf 78' lang='lat' dir='ltr'><strong>datur</strong></span> <span class='ocrx_word' id='word_1_257' title='bbox 267 2335 304 2369; x_wconf 89' lang='lat' dir='ltr'><strong>a,</strong></span> <span class='ocrx_word' id='word_1_258' title='bbox 331 2335 436 2360; x_wconf 88' lang='lat' dir='ltr'><strong>nunc</strong></span> <span class='ocrx_word' id='word_1_259' title='bbox 457 2322 572 2359; x_wconf 85' lang='lat' dir='ltr'><strong>detur</strong></span> <span class='ocrx_word' id='word_1_260' title='bbox 594 2322 671 2368; x_wconf 66' lang='lat' dir='ltr'><strong>Or„</strong></span> <span class='ocrx_word' id='word_1_261' title='bbox 691 2334 771 2359; x_wconf 93' lang='lat' dir='ltr'><strong>non</strong></span> <span class='ocrx_word' id='word_1_262' title='bbox 791 2322 935 2358; x_wconf 89' lang='lat' dir='ltr'><strong>dentur</strong></span> <span class='ocrx_word' id='word_1_263' title='bbox 954 2321 1158 2367; x_wconf 66' lang='lat' dir='ltr'><strong>Schaefer„</strong></span> <span class='ocrx_word' id='word_1_264' title='bbox 1179 2321 1308 2359; x_wconf 85' lang='lat' dir='ltr'><strong>Hard.</strong></span> <span class='ocrx_word' id='word_1_265' title='bbox 1412 2320 1489 2357; x_wconf 69' lang='lat'><strong>15*</strong></span> <span class='ocrx_word' id='word_1_266' title='bbox 1510 2331 1560 2358; x_wconf 93' lang='lat' dir='ltr'><strong>ne</strong></span> 
     </span>
     <span class='ocr_line' id='line_1_36' title="bbox 129 2372 1561 2423; baseline -0.003 -11"><span class='ocrx_word' id='word_1_267' title='bbox 129 2374 244 2423; x_wconf 66' lang='lat' dir='ltr'><strong>vulg„</strong></span> <span class='ocrx_word' id='word_1_268' title='bbox 263 2375 374 2412; x_wconf 83' lang='lat' dir='ltr'><strong>velim</strong></span> <span class='ocrx_word' id='word_1_269' title='bbox 395 2384 458 2420; x_wconf 84' lang='lat' dir='ltr'><strong>an,</strong></span> <span class='ocrx_word' id='word_1_270' title='bbox 479 2373 687 2410; x_wconf 79' lang='lat' dir='ltr'><strong>dissimilia</strong></span> <span class='ocrx_word' id='word_1_271' title='bbox 707 2373 855 2418; x_wconf 80' lang='lat' dir='ltr'><strong>confert</strong></span> <span class='ocrx_word' id='word_1_272' title='bbox 874 2372 1002 2409; x_wconf 80' lang='lat' dir='ltr'><strong>Hard.</strong></span> <span class='ocrx_word' id='word_1_273' title='bbox 1025 2372 1179 2409; x_wconf 77' lang='lat' dir='ltr'><strong>edition.</strong></span> <span class='ocrx_word' id='word_1_274' title='bbox 1191 2383 1230 2418; x_wconf 78' lang='lat' dir='ltr'><strong>p.</strong></span> <span class='ocrx_word' id='word_1_275' title='bbox 1247 2374 1335 2408; x_wconf 74' lang='lat'><strong>234.</strong></span> <span class='ocrx_word' id='word_1_276' title='bbox 1414 2375 1461 2408; x_wconf 81' lang='lat'><strong>26</strong></span> <span class='ocrx_word' id='word_1_277' title='bbox 1482 2381 1561 2407; x_wconf 89' lang='lat' dir='ltr'><strong>non</strong></span> 
     </span>
     <span class='ocr_line' id='line_1_37' title="bbox 130 2421 1561 2471; baseline -0.003 -9"><span class='ocrx_word' id='word_1_278' title='bbox 130 2436 214 2462; x_wconf 85' lang='lat' dir='ltr'><strong>esse</strong></span> <span class='ocrx_word' id='word_1_279' title='bbox 235 2424 437 2470; x_wconf 66' lang='lat' dir='ltr'><strong>Schaefer„</strong></span> <span class='ocrx_word' id='word_1_280' title='bbox 458 2435 537 2460; x_wconf 87' lang='lat' dir='ltr'><strong>non</strong></span> <span class='ocrx_word' id='word_1_281' title='bbox 556 2422 644 2471; x_wconf 88' lang='lat' dir='ltr'><strong>lege</strong></span> <span class='ocrx_word' id='word_1_282' title='bbox 660 2426 742 2460; x_wconf 84' lang='lat' dir='ltr'><strong>Aa.</strong></span> <span class='ocrx_word' id='word_1_283' title='bbox 828 2426 874 2459; x_wconf 79' lang='lat'><strong>27</strong></span> <span class='ocrx_word' id='word_1_284' title='bbox 897 2422 1074 2459; x_wconf 86' lang='lat' dir='ltr'><strong>vicerant</strong></span> <span class='ocrx_word' id='word_1_285' title='bbox 1094 2421 1298 2467; x_wconf 70' lang='lat' dir='ltr'><strong>Schaefer„</strong></span> <span class='ocrx_word' id='word_1_286' title='bbox 1319 2422 1386 2467; x_wconf 73' lang='lat' dir='ltr'><strong>K„</strong></span> <span class='ocrx_word' id='word_1_287' title='bbox 1408 2421 1561 2467; x_wconf 57' lang='grc' dir='ltr'><strong>Μυκη,</strong></span> 
     </span>
     <span class='ocr_line' id='line_1_38' title="bbox 128 2471 1559 2521; baseline -0.002 -9"><span class='ocrx_word' id='word_1_288' title='bbox 128 2474 330 2512; x_wconf 85' lang='lat' dir='ltr'><strong>vincerent</strong></span> <span class='ocrx_word' id='word_1_289' title='bbox 348 2474 445 2520; x_wconf 59' lang='lat' dir='ltr'><strong>Cat„</strong></span> <span class='ocrx_word' id='word_1_290' title='bbox 466 2473 534 2521; x_wconf 91' lang='lat' dir='ltr'><strong>qui</strong></span> <span class='ocrx_word' id='word_1_291' title='bbox 553 2473 683 2510; x_wconf 84' lang='lat' dir='ltr'><strong>ierant</strong></span> <span class='ocrx_word' id='word_1_292' title='bbox 700 2477 780 2520; x_wconf 82' lang='lat' dir='ltr'><strong>Aa,</strong></span> <span class='ocrx_word' id='word_1_293' title='bbox 798 2473 977 2510; x_wconf 85' lang='lat' dir='ltr'><strong>vicerunt</strong></span> <span class='ocrx_word' id='word_1_294' title='bbox 994 2472 1123 2510; x_wconf 84' lang='lat' dir='ltr'><strong>Hard.</strong></span> <span class='ocrx_word' id='word_1_295' title='bbox 1144 2493 1191 2500; x_wconf 87' lang='lat'>—</span> <span class='ocrx_word' id='word_1_296' title='bbox 1213 2471 1410 2510; x_wconf 83' lang='lat' dir='ltr'><strong>desierant</strong></span> <span class='ocrx_word' id='word_1_297' title='bbox 1431 2472 1559 2510; x_wconf 83' lang='lat' dir='ltr'><strong>Hard.</strong></span> 
     </span>
    </p>
   </div>
  </div>
 </body>
</html>
