1716 2742
57 831 95 859 1⁰

55 1145 93 1175 15

514 132 875 173 PANEGYRICUS
902 139 962 181 57,
978 145 994 173 5
1011 158 1054 163 —
1072 138 1131 181 60,
1147 146 1173 172 1.
1460 136 1548 182 371

125 250 396 309 renuntiare,
416 251 645 309 paulisper
666 250 846 295 delicias
868 251 1058 308 differre,
1077 250 1306 308 paulisper
1326 253 1371 295 et
1391 251 1551 295 saltem

123 313 180 358 ad
211 313 528 359 brevissimum
560 317 739 372 tempus
773 330 828 358 ex
860 314 939 358 illo
972 313 1201 358 felicitatis
1235 329 1394 358 somno
1427 314 1552 358 velut

123 376 329 435 excitari,
360 377 544 422 induere
576 380 873 435 praetextam,
906 393 1038 435 quam
1049 412 1060 434 ,
1094 392 1196 422 cum
1223 376 1327 422 dare
1353 380 1551 435 possent,

123 440 406 498 occuparint,
448 440 685 485 ascendere
728 441 947 498 curulem,
989 456 1123 498 quam
1164 440 1412 498 detineant,
1454 455 1550 485 esse

123 502 333 562 denique,
368 503 489 561 quod
516 504 844 561 concupierint,
876 519 958 548 nec
986 503 1084 548 ideo
1111 505 1287 548 tantum
1311 504 1426 548 velle
1447 518 1549 548 con-

121 566 240 611 sules
285 566 402 624 fieri,
446 570 499 611 ut
541 566 720 611 fuerint.
787 565 975 611 Gessisti
1020 567 1208 611 alterum
1253 566 1551 624 consulatum,
1577 577 1599 611 3

121 629 234 687 sci03
279 629 408 674 illum
442 629 730 687 exercitibus,
773 629 902 673 illum
934 629 1198 687 provinciis,
1243 629 1372 674 illum
1415 629 1550 674 etiam

120 691 283 737 exteris
328 693 539 752 gentibus
584 692 753 750 poteris
799 693 1043 750 imputare,
1092 708 1185 737 non
1230 695 1358 750 potes
1403 692 1548 737 nobis.

109 753 342 807 >Audimus
376 755 557 813 quidem
589 758 634 799 te
667 771 799 800 omne
835 771 995 800 munus
1033 755 1229 800 consulis
1264 755 1431 813 obisse,
1472 755 1550 800 sed

120 817 347 877 audimus3
373 817 533 863 diceris
560 818 852 876 iustissimus,
878 819 1250 876 humanissimus,
1276 818 1548 876 patientissi·

119 896 220 926 mus
245 881 403 939 fuisse,
437 882 514 927 sed
541 881 711 926 diceris.
771 880 979 939 Aequum
1013 884 1081 926 est
1107 881 1348 939 aliquando
1374 897 1457 926 nos
1483 881 1549 925 iu-

118 943 237 989 dicio
269 947 447 1002 nostro,
488 945 631 989 oculis
664 945 850 1001 nostris,
889 960 981 988 non
1013 944 1159 988 famae
1193 960 1368 1002 semper
1401 947 1446 989 et
1476 960 1549 988 ru-

118 1006 321 1052 moribus
348 1007 538 1052 credere.
592 1006 836 1065 Quousque
863 1007 1068 1052 absentes
1096 1007 1150 1052 de
1177 1008 1359 1052 absente
1386 1007 1549 1067 gaude-
1574 1019 1598 1052 4

116 1069 296 1115 bimus?
340 1070 495 1115 Liceat
526 1070 735 1128 experiri,
779 1086 837 1114 an
882 1070 1053 1128 aliquid
1080 1070 1314 1128 superbiae
1354 1071 1438 1115 tibi
1469 1071 1548 1115 ille

117 1133 215 1192 ipse
242 1133 463 1178 secundus
491 1134 751 1178 consulatus
779 1134 993 1178 attulerit.
1051 1133 1247 1178 Multum
1274 1134 1322 1178 in
1349 1148 1548 1179 commu-

116 1196 266 1241 tandis
299 1195 500 1241 moribus
533 1196 769 1240 hominum
798 1196 970 1241 medius
999 1211 1141 1240 annus
1174 1197 1314 1254 valet,
1346 1197 1394 1240 in
1425 1196 1547 1255 prin-

117 1259 269 1317 cipum
299 1260 415 1317 plus
460 1259 710 1304 Didicimus
745 1259 945 1330 quidem,
978 1259 1051 1304 cui
1083 1259 1225 1304 virtus
1260 1231 1411 1317 aliqua
1444 1274 1548 1304 0011-
1574 1270 1597 1304 5

115 1322 284 1382 tingat,
315 1337 469 1367 omnes
496 1322 660 1380 inesse,
688 1323 893 1380 cupimus
920 1325 1072 1367 tamen
1098 1323 1309 1380 experiri,
1343 1338 1400 1367 an
1425 1337 1547 1367 nunc

117 1400 297 1444 quoque
327 1401 419 1430 una
458 1386 702 1443 eademque
741 1402 811 1430 res
851 1385 910 1429 sit
947 1386 1093 1430 bonus
1127 1386 1286 1431 consul
1322 1388 1367 1430 et
1400 1386 1546 1430 bonus

114 1448 335 1508 princeps.
388 1447 507 1493 Nam
534 1451 711 1507 praeter
737 1448 802 1506 id,
835 1448 955 1506 quod
983 1452 1050 1492 est
1076 1448 1284 1507 arduum,
1318 1449 1427 1493 duas
1455 1463 1547 1493 eas·
1574 1459 1596 1493 6

117 1527 204 1570 que
230 1526 428 1556 summas
456 1512 591 1557 simul
618 1527 774 1569 capere
800 1514 1066 1582 potestates,
1098 1515 1196 1555 tum
1224 1512 1341 1556 inest
1365 1511 1546 1570 utrique

114 1589 208 1619 11011
238 1575 366 1619 nulla
398 1575 650 1632 diversitas,
685 1589 787 1619 cum
819 1575 1071 1632 principem
1100 1590 1235 1633 quam
1267 1575 1545 1620 simzZlimum

114 1648 204 1683 esse
227 1638 423 1695 privato,
456 1638 669 1683 consulem
702 1652 834 1695 quam
868 1637 1217 1682 dissimillimum
1253 1638 1418 1682 deceat.

208 1699 361 1759 Atque
384 1716 468 1761 ego
494 1701 623 1745 video
648 1701 856 1758 proximo
884 1716 1001 1745 anno
1026 1702 1286 1745 consulatus
1309 1698 1620 1747 recusandiflo

114 1763 231 1809 hanc
272 1764 560 1822 praecipuam
602 1764 742 1808 fuisse
784 1763 1025 1820 rationem,
1077 1764 1197 1822 quod
1240 1779 1341 1808 eum
1385 1764 1544 1808 absens

114 1841 268 1886 gerere
306 1842 400 1871 non
437 1830 628 1898 poteras.
704 1826 790 1872 Sed
831 1827 919 1870 iam
960 1826 1062 1870 urbi
1101 1827 1308 1884 votisque
1348 1826 1542 1885 publicis

113 1889 314 1934 redditus
342 1890 450 1948 quid
478 1893 563 1948 est,
597 1890 644 1933 in
671 1905 760 1947 quo
788 1889 932 1949 magis
960 1889 1020 1934 sis
1048 1890 1395 1948 approbaturus,
1430 1905 1543 1947 quae

114 1955 372 2011 quantaque
399 1953 584 2010 fuerint,
619 1968 733 2010 quae
761 1953 1154 1997 desiderabamus?
1186 1952 1351 1996 Parum
1380 1955 1465 2010 est,
1492 1955 1543 1997 ut

114 2015 163 2060 in
194 2016 362 2060 curiam
391 2016 564 2073 venias,
594 2016 683 2061 nisi
710 2018 755 2060 et
787 2030 1025 2073 convocas,
1058 2018 1111 2060 ut
1143 2015 1322 2060 intersis
1356 2016 1542 2074 senatui,

215 2130 236 2164 3
264 2127 431 2164 excitari
451 2128 502 2172 A,
524 2128 671 2173 Livin„
690 2127 847 2173 Baehr„
868 2127 1019 2172 Muell„
1047 2126 1211 2163 excitati
1231 2126 1288 2163 B'
1299 2128 1352 2164 M
1362 2126 1411 2172 0,
1438 2127 1541 2164 exci-

112 2178 218 2215 tatos
239 2177 305 2214 M'
314 2186 349 2223 ς,
366 2178 418 2214 K.
497 2181 519 2213 5
535 2177 808 2225 concupierint
822 2189 841 2214 e
853 2189 922 2214 suo
936 2177 963 2214 d
977 2178 1028 2214 Κ.
1037 2178 1099 2223 ΙΙ,
1113 2178 1269 2223 Barchon,
1286 2178 1436 2223 Muell„
1450 2188 1541 2214 0011-

113 2239 189 2276 cup
191 2228 324 2265 ierunt
338 2207 404 2273 M,
426 2228 477 2264 K.
493 2229 527 2264 Ι.
633 2232 677 2263 11
706 2240 739 2264 υ.
761 2228 958 2273 Hofacker
975 2239 1016 2274 p.
1033 2229 1093 2264 58.
1185 2231 1230 2263 17
1259 2227 1468 2264 didicimus
1488 2229 1540 2274 A,

115 2278 286 2325 Οτιερίπ,
313 2257 469 2323 Baae’hr„
503 2278 655 2324 Muell„
689 2277 856 2314 dicimus
883 2278 963 2315 rell.
985 2277 1104 2323 codd„
1133 2278 1187 2314 K.
1290 2280 1337 2314 20
1365 2277 1464 2314 duas
1491 2301 1538 2306 —

112 2331 163 2366 21
189 2329 409 2376 potestates
436 2328 594 2375 Cuspin.
623 2333 658 2366 et
683 2328 826 2366 Suster.
850 2340 869 2365 e
891 2339 959 2365 suo
985 2328 1207 2376 apoyrapho
1236 2328 1280 2373 U,
1307 2327 1405 2364 duas
1432 2339 1538 2376 easq.

113 2390 251 2415 summ.
278 2391 317 2426 p.
344 2378 429 2415 sim.
457 2389 541 2425 cap.
570 2379 621 2424 A,
648 2379 790 2416 Baehr.
813 2390 854 2426 p.
883 2378 1045 2424 XXIV,
1072 2379 1223 2424 Muell.,
1255 2378 1291 2414 d.
1321 2389 1423 2426 easq.
1452 2379 1537 2417 sim.

113 2439 199 2476 cap.
219 2429 301 2476 pot.
323 2441 459 2465 summ.
481 2429 562 2466 rell.
583 2429 704 2474 codd„
732 2429 798 2475 K.,
826 2428 862 2466 d.
885 2427 1004 2465 simul
1024 2439 1109 2475 cap.
1131 2430 1211 2476 pot.
1234 2440 1377 2475 easque
1398 2441 1536 2467 summ.

41 2510 49 2519 .
112 2479 254 2516 Baehr.
275 2480 319 2516 in
345 2483 533 2517 contextu.
671 2483 717 2516 22
739 2479 824 2515 sim.
847 2490 931 2516 esse
950 2491 1008 2526 pr.
1031 2490 1134 2516 cons,
1157 2490 1276 2526 quam
1297 2479 1386 2516 add.
1409 2479 1536 2527 casp„

111 2540 182 2567 om.
203 2529 254 2566 K.
270 2530 330 2567 II.
434 2533 479 2566 29
500 2542 552 2577 sq.
575 2541 763 2567 convoces
789 2553 840 2559 --
866 2529 1093 2577 praesideas
1122 2552 1167 2557 —
1195 2540 1381 2578 pei-roges
1406 2542 1453 2576 w,
1482 2532 1534 2569 K.

1238 2605 1312 2642 24*
