1604 2652
142 136 203 176 1v
695 128 978 166 PRAEFA'rm

235 246 290 286 Et
321 259 435 297 sane,
468 248 503 286 si
535 247 625 298 quis
654 247 698 286 in
730 245 980 286 emendando
1013 246 1145 286 Plinio
1178 247 1333 287 Minore
1371 260 1536 298 operam

142 309 328 358 insumit,
371 309 408 347 ei
439 321 488 347 ex
518 308 775 359 iniquissima
813 307 997 348 codicum
1033 309 1265 348 nostrorum
1302 308 1536 349 condicione

142 369 252 409 haud
279 370 447 422 exiguae
473 371 696 410 nascuntur
723 368 996 410 difficultates.
1041 368 1236 410 Attamen
1261 370 1400 420 eiecta,
1428 369 1537 421 quod

144 444 319 482 aequum
363 431 515 482 fuerat,
561 431 874 482 quisquiliarum
918 432 1034 471 varia
1077 431 1283 484 farragine
1322 431 1536 483 permultis

143 493 243 533 locis
281 492 508 532 uberiorem
541 491 799 544 Adparatum
832 491 1028 532 Criticum
1067 493 1189 544 atque
1226 493 1318 544 ipsa
1348 492 1538 532 videlicet

145 553 320 594 Secundi
334 553 458 593 verba
478 553 756 594 emendatiora
776 567 899 606 quam
918 555 1073 606 priores
1087 553 1260 594 editores
1279 554 1538 606 proposuisse

145 628 274 667 spero.
336 615 386 654 In
419 628 499 666 quo
532 615 631 667 quid
661 628 769 666 mea,
809 615 907 667 quid
945 617 1170 656 ceterorum
1208 616 1402 666 cuiusque
1441 627 1538 655 cura

145 677 300 717 factum
326 678 442 727 esset,
475 676 692 730 diligenter
716 677 866 729 ubique
891 678 1050 727 notavi,
1083 689 1174 716 cum
1199 677 1404 728 superiore
1431 689 1537 717 anno

144 739 188 778 in
219 737 344 778 Italia
376 740 649 778 commoratus
688 739 847 790 aliquot
885 738 1040 778 codices
1079 751 1240 778 rursum
1277 738 1539 778 contulissem

144 799 211 840 vel
236 799 382 839 saltem
407 799 607 840 eiusmodi
630 800 731 840 locis
755 801 1032 852 inspexissem,
1059 799 1204 851 quibus
1230 799 1279 839 de
1305 798 1414 839 Keili
1438 799 1538 840 alio·

145 874 286 901 rumve
313 874 482 901 censura
508 861 757 901 dubitabam.
807 861 942 913 Ipsius
973 861 1093 901 huius
1125 861 1281 914 negotii
1312 860 1540 901 adiutorem

150 924 349 974 optimum
369 923 570 963 habebam
591 922 822 975 Stanglium
846 923 1044 975 collegam
1062 921 1450 975 wirzeburgensem,
1470 922 1542 974 qui

145 984 247 1023 mibi
273 984 394 1024 obvia
426 997 508 1036 qua
533 986 595 1025 est
618 984 867 1024 liberalitate
893 997 914 1024 e
941 985 1099 1025 scriniis
1124 984 1208 1024 suis
1234 985 1275 1023 et
1300 983 1538 1024 collationes

147 1045 332 1086 codicum
357 1045 511 1084 RFM
531 1047 616 1086 iam
642 1045 796 1086 dudum
821 1045 1044 1098 descriptas
1077 1047 1118 1085 et
1143 1046 1395 1085 coniecturas
1421 1057 1540 1096 quas·

147 1107 242 1147 dam
267 1108 467 1159 notasque
493 1107 625 1147 adhuc
650 1107 825 1147 ineditas
834 1101 868 1161 ¹)
894 1108 938 1146 in
962 1120 1098 1147 meum
1128 1119 1246 1146 usum
1277 1107 1540 1147 concesserat.

149 1169 263 1208 Tunc
313 1168 476 1208 demum
519 1170 727 1221 perpensis
775 1168 906 1209 denuo
949 1170 1218 1220 interpretum
1261 1167 1542 1220 editorumque

148 1231 386 1271 commentis
429 1229 689 1282 iudiciisque,
733 1229 805 1270 ubi
855 1231 994 1282 aperte
1043 1229 1149 1270 falsa
1193 1230 1305 1280 sunt,
1350 1242 1454 1280 quae
1497 1230 1542 1269 in

148 1291 356 1332 codicibus
387 1292 668 1342 inveniuntur,
700 1292 765 1332 vel
799 1291 973 1332 aliorum
1003 1291 1068 1331 vel
1098 1303 1209 1331 meas
1240 1291 1374 1342 recepi
1407 1303 1539 1330 emen-

149 1353 352 1404 dationes,
378 1353 440 1393 ita
463 1354 620 1404 tamen,
646 1355 710 1404 ut,
737 1355 772 1393 si
796 1366 860 1393 res
885 1353 1092 1404 postulare
1117 1351 1342 1402 videbatur,
1368 1353 1543 1392 strictim

147 1415 358 1465 referrem,
400 1414 499 1466 quid
540 1415 592 1455 ad
632 1414 743 1454 Plini
785 1414 910 1454 verba
951 1415 1059 1454 recte
1102 1413 1284 1453 sananda
1325 1414 1416 1453 usui
1457 1425 1543 1454 esse

147 1477 296 1527 posset.
347 1476 503 1516 Eodem
531 1476 699 1516 consilio
727 1476 871 1516 ductus
897 1489 918 1515 e
943 1488 1091 1528 magno
1116 1475 1366 1526 reliquarum
1392 1475 1545 1515 coniec-

149 1539 337 1578 turarum
374 1551 542 1578 numero
581 1538 714 1590 delegi
753 1550 838 1588 eas,
877 1550 980 1589 quae
1019 1537 1165 1590 dignae
1203 1538 1337 1576 essent
1373 1549 1545 1576 comme-

149 1600 395 1650 moratione,
437 1612 566 1650 neque
610 1599 714 1639 illud
757 1599 935 1652 neglexi,
978 1600 1043 1649 ut,
1088 1597 1223 1650 quoad
1266 1598 1381 1637 salva
1423 1597 1544 1638 huius

149 1660 280 1700 libelli
298 1661 456 1700 ratione
482 1660 570 1700 fieri
596 1662 749 1711 posset,
776 1661 950 1700 aliorum
975 1661 1217 1711 scriptorum
1241 1658 1307 1699 vel
1331 1660 1545 1710 poetarum

151 1722 287 1773 verba,
314 1735 417 1773 quae
444 1722 553 1773 apud
578 1722 757 1761 Plinium
783 1722 961 1762 orationi
983 1722 1136 1773 passim
1160 1721 1318 1760 intexta
1342 1720 1546 1772 leguntur,

152 1783 258 1823 unde
309 1783 551 1834 deprompta
602 1785 752 1834 essent,
802 1783 980 1823 breviter
1022 1782 1253 1823 indicarem.
1317 1780 1459 1833 Neque
1501 1782 1547 1821 in

153 1845 370 1885 verborum
402 1845 680 1895 distinctione,
714 1857 806 1884 cum
836 1857 994 1884 summa
1023 1844 1126 1883 mihi
1155 1843 1221 1883 lex
1252 1845 1357 1883 esset
1389 1844 1546 1883 senten-

152 1907 304 1946 tiarum
322 1907 606 1958 perspicuitas,
635 1907 762 1946 nimio
782 1906 874 1958 plus
901 1906 1110 1946 factitasse
1135 1904 1286 1945 videor.
1336 1904 1546 1944 Postremo

152 1980 263 2007 more
286 1968 455 2019 vulgato
487 1968 748 2008 librariorum
780 1967 1024 2007 emblemata
1055 1967 1168 2007 uncis
1201 1965 1410 2018 quadratis
1442 1978 1546 2006 rese-

154 2030 238 2080 cui,
278 2030 502 2068 recentium
534 2029 830 2081 complementa
860 2029 990 2068 literis
1029 2028 1235 2068 inclinatis
1273 2026 1548 2078 describenda,

156 2103 222 2130 eos
263 2090 392 2141 locos,
439 2091 585 2142 quibus
631 2090 815 2131 codicum
856 2103 1009 2130 errores
1053 2103 1142 2130 meo
1185 2088 1366 2141 periculo
1411 2089 1548 2128 sanari

155 2165 272 2204 posse
306 2164 592 2204 cognoveram,
625 2153 817 2192 asterisco
850 2151 1136 2205 significandos
1169 2151 1318 2190 curavi.

258 2308 292 2352 1)
319 2306 369 2342 ad
382 2306 496 2342 huius
511 2306 692 2342 editionis
706 2318 770 2353 pp.
787 2310 845 2351 53,
857 2309 896 2351 83
912 2309 971 2351 59,
986 2309 1047 2350 ιο,
1064 2308 1198 2350 91,14;
1215 2306 1374 2349 103,10;
1391 2306 1472 2348 108,
1484 2306 1549 2348 303

160 2358 241 2400 119,
262 2358 326 2400 233
355 2358 437 2400 180,
458 2359 522 2400 27;
551 2358 632 2400 182,
654 2359 704 2400 ὃς,
723 2359 804 2400 191,
825 2359 889 2400 243
917 2358 1000 2399 238,
1022 2359 1043 2391 6
1070 2352 1352 2402 (vigescunt?);
1380 2355 1549 2397 258,1⁷;

159 2407 242 2449 270,
270 2408 309 2449 ὃς
349 2407 432 2448 302,
460 2408 522 2447 17;
563 2408 645 2448 322,
675 2407 736 2449 193
778 2407 860 2449 356,
894 2407 940 2440 24
980 2403 1276 2451 (contumaciam
1294 2401 1346 2448 ,ῆς
1386 2404 1468 2446 383,
1502 2403 1549 2436 20

160 2453 313 2501 (nostris
339 2454 445 2503 <non
470 2453 582 2502 visa>
610 2454 725 2499 ante).
