1716 2742
15 813 54 840 10

19 1175 56 1203 1⁵

22 1540 60 1567 20

25 1853 62 1880 25

419 102 783 154 EPISTULARUM
809 115 902 152 vm
929 114 1100 152 24-1x
1128 119 1161 152 2.
1413 115 1506 160 233

72 249 247 280 moneo.
313 232 528 286 Quamvis
561 231 681 276 enim
713 230 876 289 legeris
910 230 1066 273 multis
1098 229 1404 288 legendosque
1438 228 1509 272 de·
1536 239 1558 271 2

74 297 211 355 deris,
242 296 351 341 nolo
383 298 537 339 tamen
570 309 841 352 quemquam
875 292 1051 350 opinari
1084 291 1297 336 defuncto
1331 292 1510 335 demum

74 359 332 416 inchoatos,
364 373 478 415 quos
511 356 729 402 incolumi
761 371 813 400 eo
854 355 1080 414 peregisti.
1154 353 1288 399 Salva
1327 354 1387 398 sit
1425 353 1511 398 tibi
1536 364 1559 396 3

75 421 354 467 constantiae
378 420 510 465 fama.
562 418 665 463 Erit
690 421 863 475 autem,
888 418 936 462 ni
962 420 1122 461 notum
1149 417 1302 475 aequis
1326 416 1512 474 iniquis-

76 500 165 543 que
195 483 332 529 fuerit
363 498 457 527 non
490 485 594 540 post
626 481 798 526 inimici
831 483 1022 524 mortem
1057 480 1282 524 scribendi
1320 479 1405 523 tibi
1436 494 1511 523 na-

75 550 170 592 tam
202 561 298 592 esse
330 546 564 602 fiduciam,
596 544 673 589 sed
712 545 801 588 iam
842 546 1046 601 paratam
1085 542 1327 586 editionem
1369 543 1513 586 morte

75 612 379 669 praeventam.
445 607 592 652 Simul
634 607 797 651 vitabis
843 606 956 650 illud
1003 604 1101 663 οὐχ
1149 604 1271 662 ὁσίη
1307 602 1513 662 φθιμέ-

77 684 275 718 νοισιν.
339 671 481 728 Nam,
514 670 635 728 quod
668 670 722 714 de
754 669 934 712 vivente
968 668 1207 726 scriptum,
1247 668 1300 711 de
1334 668 1514 711 vivente
1539 677 1562 709 4

77 735 317 781 recitatum
343 737 430 792 est,
456 734 505 778 in
531 733 794 777 defunctum
823 746 1003 789 quoque
1029 734 1261 788 tamquam
1290 730 1515 774 viventem

79 798 228 843 adhuc
260 797 425 854 editur,
458 796 497 841 si
524 796 672 840 editur
698 794 861 839 statim.
927 793 1092 853 Igitur,
1119 794 1157 837 si
1186 793 1294 850 quid
1322 792 1443 836 aliud
1469 793 1517 836 in

78 861 308 918 manibus,
338 859 519 904 interim
553 859 701 915 differ,
738 858 827 902 hoc
864 857 1047 915 perfice,
1088 856 1210 913 quod
1248 856 1398 911 nobis,
1440 855 1517 913 qui

78 924 292 984 legimus,
325 922 435 968 olim
469 921 728 966 absolutum
755 920 944 964 videtur.
1011 918 1099 963 Sed
1126 919 1217 963 iam
1243 917 1447 962 videatur
1473 920 1518 961 et

79 986 184 1044 tibi,
215 986 343 1031 cuius
369 984 702 1030 cunctationem
735 998 819 1028 nec
852 998 922 1027 res
956 983 1055 1040 ipsa
1088 981 1309 1027 desiderat
1337 984 1382 1025 et
1407 984 1517 1024 tem-

81 1050 204 1108 poris
236 1047 353 1093 ratio
385 1047 614 1106 praecidit.
680 1046 806 1090 Vale.

774 1162 830 1202 Π.

461 1253 504 1287 C.
526 1252 733 1286 PLINIUS
763 1251 948 1286 SABINO
978 1251 1074 1285 SUO
1103 1250 1142 1284 S.

178 1337 308 1382 Facis
340 1336 555 1392 iucunde,
588 1334 708 1394 quod
741 1349 835 1378 non
867 1334 1015 1378 solum
1048 1332 1266 1390 plurimas
1304 1331 1519 1389 epistulas
1549 1344 1568 1375 1

84 1415 227 1456 meas,
258 1415 415 1444 verum
448 1399 584 1443 etiam
615 1397 905 1456 longissimas
932 1396 1130 1455 flagita83
1156 1395 1205 1438 in
1231 1395 1396 1452 quibus
1422 1409 1521 1452 par-

86 1463 181 1509 cior
212 1462 299 1518 fui,
323 1462 490 1521 partim
518 1461 624 1519 quia
649 1463 749 1504 tuas
778 1459 1097 1517 occupationes
1124 1457 1329 1515 verebar,
1355 1456 1522 1515 partim

86 1526 194 1584 quia
225 1526 323 1584 ipse
356 1525 550 1569 multum
585 1522 885 1582 distringebar
922 1522 1190 1579 plerumque
1232 1519 1410 1579 frigidis
1448 1535 1523 1563 ne-

87 1588 242 1648 gotiis,
275 1603 389 1646 quae
423 1587 557 1632 simul
590 1589 635 1630 et
668 1588 858 1630 avocant
891 1584 1092 1628 animum
1126 1586 1171 1627 et
1197 1582 1521 1627 comminuunt.

86 1651 323 1696 Praeterea
354 1666 438 1695 nec
470 1650 656 1694 materia
689 1649 820 1706 plura
853 1647 1077 1692 scribendi
1110 1646 1310 1690 dabatur.
1363 1644 1523 1702 Neque
1550 1655 1572 1687 2

88 1714 209 1759 enim
245 1713 400 1758 eadem
439 1715 594 1757 nostra
634 1711 839 1756 condicio
881 1725 994 1768 quae
1033 1708 1092 1753 M.
1120 1708 1260 1766 Tulli,
1300 1708 1356 1752 ad
1397 1708 1523 1752 cuius

88 1777 346 1834 exemplum
378 1791 462 1820 nos
496 1790 642 1819 vocas.
708 1773 781 1817 Illi
812 1773 931 1817 enim
972 1775 1017 1816 et
1056 1770 1420 1830 copiosissimum
1459 1771 1524 1813 in-

89 1840 273 1899 genium
294 1841 339 1883 et
358 1854 440 1896 par
460 1837 641 1896 ingenio
664 1852 753 1894 qua
773 1835 965 1880 varietas
986 1850 1135 1879 rerum
1150 1849 1239 1891 qua
1259 1833 1523 1892 magnitudo

87 1901 342 1962 largissime
395 1900 681 1958 suppetebat:
732 1914 815 1942 nos
870 1913 1002 1955 quam
1063 1897 1268 1956 angustis
1320 1895 1524 1940 terminis
1552 1905 1573 1936 3

77 1964 370 2021 claudamur,
404 1964 538 2007 etiam
572 1964 746 2006 tacente
774 1977 845 2005 me
870 1960 1110 2019 perspicis,
1141 1960 1230 2003 nisi
1255 1959 1372 2003 forte
1401 1958 1525 2002 volu-

90 2043 192 2072 mus
226 2026 519 2071 scholasticas
551 2025 637 2068 tibi
670 2027 823 2082 atque,
856 2026 908 2067 ut
946 2024 1010 2067 ita
1050 2023 1196 2067 dicam
1203 2058 1214 2079 ,
1254 2021 1525 2065 umbraticas

0 2114 9 2131 ν,
90 2091 265 2135 litteras
307 2089 498 2133 mittere.
575 2086 663 2131 Sed
705 2087 821 2131 nihil
859 2086 1008 2131 minus
1048 2088 1205 2144 aptum
1246 2084 1529 2140 arbitramur,
1554 2093 1578 2125 4

92 2168 196 2198 cum
238 2168 363 2196 arma
403 2154 573 2207 vestra,
620 2165 722 2194 cum
768 2153 933 2206 castra,
978 2164 1081 2193 cum
1115 2148 1308 2205 denique
1341 2161 1528 2203 cornua,

197 2255 217 2287 7
246 2252 286 2287 et
312 2249 431 2286 simul
458 2249 519 2294 M,
548 2249 649 2285 K.I.
679 2269 724 2275 —
753 2248 867 2284 Hom.
890 2261 912 2294 χ
939 2249 1025 2284 412.
1190 2248 1212 2281 S
1241 2245 1290 2280 de
1316 2244 1389 2280 viv.
1417 2242 1526 2280 reeit.

95 2314 133 2347 a,
160 2301 213 2338 K.
228 2302 283 2337 II
303 2300 419 2347 (disp.
441 2300 494 2336 II
511 2302 564 2345 7),
591 2298 743 2343 Muell„
769 2309 840 2335 om.
862 2297 1043 2344 MDpr,
1072 2296 1123 2332 K.
1139 2297 1174 2332 Ι.
1278 2298 1323 2330 11
1351 2293 1422 2330 int.
1445 2292 1527 2329 diff.

98 2353 159 2397 M,
180 2351 246 2396 K,
273 2349 357 2387 diff.
378 2350 450 2386 int.
472 2349 513 2386 D
518 2357 669 2396 Ρνςα,
697 2348 835 2385 Muell.
939 2351 986 2383 24
1013 2346 1216 2393 ingenium
1240 2366 1286 2371 ——
1309 2347 1355 2380 25
1376 2343 1529 2392 magni-

95 2401 193 2438 tudo
218 2401 271 2438 N.
293 2401 484 2438 Heinsius
512 2400 553 2435 in
575 2399 698 2435 Valer-
722 2398 855 2435 Flace.
871 2398 966 2445 Ary.
990 2397 1102 2442 V85,
1123 2396 1176 2433 K.
1191 2396 1245 2432 II
1260 2395 1376 2441 (disp.
1388 2395 1442 2431 II
1448 2396 1529 2441 20),

7 2466 10 2467 ⁷
50 2500 53 2501 ⁷
89 2451 252 2497 ‚Muelh
277 2451 318 2488 et
343 2462 415 2498 par
440 2449 601 2497 ingenio
628 2460 699 2486 om.
726 2449 786 2493 M,
812 2458 886 2495 par
911 2459 982 2484 om.
1010 2447 1171 2493 Dprs,
1200 2445 1252 2482 K.
1268 2446 1304 2490 I,
1330 2445 1462 2492 ingen.
1490 2445 1529 2480 et

97 2514 136 2548 p.
158 2502 238 2548 ing.
259 2500 429 2537 materia
457 2501 605 2546 quanta
633 2511 710 2535 var.
733 2510 805 2534 rer.
828 2509 946 2544 quam
974 2507 1106 2544 magn.
1128 2508 1164 2532 a.
