1630 2678
165 118 221 162 26
750 106 789 144 c,
816 104 949 142 Pmm

166 226 313 270 cedere
346 222 593 267 auctoritati
626 220 804 263 debeam
834 221 954 272 tuae,
987 215 1147 259 rectius
1179 216 1328 256 tamen
1358 210 1550 256 arbitror

95 297 140 331 25
167 288 212 331 in
242 289 364 330 tanta
388 300 433 328 re
459 284 625 327 ratione
652 295 782 337 quam
808 278 1067 322 auctoritate
1094 273 1302 332 superari.
1346 259 1550 327 Proinde,

166 349 203 391 si
234 362 322 390 non
353 360 492 389 errare
524 343 689 396 videor,
731 341 774 383 id
806 341 951 397 ipsum
990 352 1120 394 quam
1152 336 1274 380 voles
1306 333 1431 379 brevi
1461 332 1550 391 epi-

168 409 298 463 stula,
348 406 419 450 sed
470 409 615 448 tamen
659 402 799 446 scribe
844 398 1136 458 (confirmaris
1169 396 1287 440 enim
1336 394 1550 440 iudicium

168 467 347 523 meum);
392 467 428 510 si
469 479 685 519 erravero,
716 462 1019 520 longissimam
1050 473 1167 516 para.
1217 456 1340 501 Num
1372 455 1551 513 corrupi
1576 469 1593 498 5

168 533 229 585 te,
260 530 334 585 qui
366 527 463 582 tibi,
496 526 532 569 si
564 525 671 568 mihi
704 523 946 577 accederes,
979 521 1122 564 brevis
1156 519 1375 576 epistulae
1402 530 1549 561 neces-

169 591 357 645 sitatem,
391 589 428 631 si
460 586 729 641 dissentires,
759 584 1040 642 longissimae
1073 578 1298 638 imposui?
1353 577 1476 623 Vale.

807 734 912 773 XXI.

409 812 451 845 C.
472 810 671 845 PLINIUS
698 809 866 842 PLINIO
893 807 1121 841 PATERNO
1149 805 1244 840 SUO
1271 804 1310 839 S.

124 891 141 922 1
265 879 328 924 Ut
359 879 493 923 animi
518 879 585 922 tui
611 878 770 921 iudicio
798 877 859 920 sic
886 876 1113 919 oculorum
1132 874 1374 931 plurimum
1393 871 1554 928 tribuo,
1580 885 1617 913 ιο

170 956 257 984 11011
299 941 402 998 quia
443 941 649 995 multum,
691 954 744 982 ne
785 938 867 980 tibi
899 937 1091 994 placeas,
1131 935 1207 979 sed
1246 934 1351 991 quia
1380 934 1556 977 tantum

171 1005 377 1058 quantum
422 1016 503 1059 ego
545 1000 679 1057 sapis3
721 1013 984 1056 quamquam
1027 997 1112 1040 hoc
1151 1010 1328 1054 quoque
1365 994 1557 1038 multum

125 1073 146 1104 2
173 1066 247 1106 est.
300 1061 482 1106 Omissis
510 1062 616 1105 iocis
643 1061 771 1105 credo
798 1059 998 1103 decentes
1031 1073 1124 1102 esse
1157 1070 1324 1109 servos,
1357 1056 1434 1113 qui
1453 1056 1558 1099 sunt

172 1124 308 1180 empti
348 1123 457 1166 mihi
496 1138 550 1166 ex
587 1121 769 1166 consilio
807 1124 895 1164 tuo.
960 1119 1187 1175 Superest,
1222 1121 1274 1162 ut
1304 1117 1426 1175 frugi
1456 1116 1557 1172 sint,

173 1185 288 1240 quod
330 1184 382 1227 de
423 1184 648 1227 venalibus
687 1182 842 1226 melius
880 1182 1057 1224 auribus
1097 1195 1230 1237 quam
1269 1178 1409 1223 oculis
1447 1177 1558 1222 iudi·
1584 1189 1619 1218 1⁶

173 1248 305 1288 catur.
362 1244 482 1288 Vale.

796 1332 924 1372 XXII.

415 1407 457 1442 C.
478 1407 677 1440 PLINIUS
704 1407 904 1440 CATILIO
933 1406 1124 1439 SEVERO
1154 1405 1248 1438 SUO
1276 1404 1314 1438 S.

131 1492 148 1523 1
273 1475 360 1517 Diu
392 1476 477 1518 iam
510 1476 556 1518 in
587 1476 693 1518 urbe
717 1474 874 1518 haereo
908 1477 951 1518 et
978 1474 1153 1530 quidem
1179 1472 1406 1516 attonitus.
1457 1469 1562 1514 Per-

177 1536 324 1578 turbat
364 1551 430 1578 me
473 1537 605 1593 longa
649 1539 692 1579 et
724 1537 924 1592 pertinax
961 1534 1164 1578 valetudo
1198 1533 1290 1577 Titi
1327 1531 1561 1588 Aristonis,
1587 1543 1624 1571 2⁰

178 1611 306 1652 quem
345 1597 621 1652 singulariter
653 1599 696 1639 et
728 1597 863 1640 miror
900 1598 944 1640 et
976 1596 1124 1653 diligo.
1186 1594 1315 1638 Nihil
1346 1595 1414 1639 est
1445 1593 1563 1636 enim

178 1657 254 1700 illo
281 1657 473 1714 gravius,
500 1657 707 1712 sanctius,
734 1658 924 1714 doctius,
950 1660 1001 1700 ut
1027 1657 1134 1699 mihi
1159 1671 1250 1700 non
1274 1669 1389 1699 unus
1413 1653 1564 1710 homo,

179 1717 254 1760 sed
293 1717 462 1760 litterae
502 1718 619 1773 ipsae
658 1733 892 1774 omnesque
931 1718 1070 1761 bonae
1115 1720 1229 1761 artes
1270 1717 1318 1760 in
1354 1730 1444 1760 uno
1484 1715 1563 1758 ho-

131 1793 151 1824 2
179 1779 294 1821 mine
334 1793 549 1820 summum
588 1779 829 1834 periculum
863 1779 980 1822 adire
1012 1779 1252 1822 videantur.
1317 1776 1460 1830 Quam
1489 1789 1563 1832 pe·

178 1839 288 1881 ritus
326 1839 399 1881 ille
440 1842 483 1881 et
523 1839 681 1894 privati
713 1840 818 1882 iuris
857 1843 900 1883 et
937 1840 1120 1896 publici!
1160 1841 1373 1896 quantum
1403 1850 1564 1892 rerum,
1589 1847 1625 1876 ²⁶

181 1902 393 1955 quantum
426 1900 741 1955 exemplorum,
774 1904 985 1956 quantum
1013 1901 1288 1957 antiquitatis
1314 1899 1454 1943 teneti
1484 1897 1564 1942 Ni-

180 1960 244 2002 hil
275 1963 357 2016 est,
390 1960 507 2015 quod
540 1961 684 2003 doceri
710 1961 836 2015 velis,
868 1962 985 2017 quod
1011 1962 1084 2004 ille
1116 1962 1270 2005 docere
1295 1975 1387 2004 non
1405 1958 1564 2017 possit3

180 2021 288 2063 mihi
320 2023 451 2076 certe,
485 2021 686 2077 quotiens
719 2022 883 2077 aliquid
916 2022 1112 2065 abditum
1146 2037 1327 2078 quaero,
1363 2021 1440 2065 ille
1470 2019 1565 2064 the-

132 2094 153 2127 3
179 2097 332 2124 saurus
365 2084 441 2124 est.
504 2080 597 2124 Iam
625 2085 787 2138 quanta
813 2083 1083 2126 sermonibus
1116 2084 1208 2126 eius
1240 2083 1369 2140 fides,
1400 2082 1566 2139 quanta

180 2142 434 2198 auctoritas,
467 2156 596 2198 quam
629 2158 777 2199 pressa
809 2147 852 2186 et
884 2144 1038 2187 decora
1071 2144 1310 2188 cunctatio!
1349 2142 1456 2200 quid
1488 2143 1566 2198 est,
1591 2151 1627 2179 8⁰

280 2279 298 2309 1
319 2275 410 2309 tuae
430 2273 591 2309 debeam
612 2274 724 2310 RFr
734 2286 768 2310 a.
869 2279 891 2310 4
918 2275 1151 2311 confirmaris
1172 2277 1256 2320 Ra,
1283 2273 1565 2312 confirmaveris

181 2323 222 2359 F
223 2334 253 2368 p
263 2335 294 2367 r,
318 2323 412 2366 Otto,
433 2323 580 2366 Μυκη,
599 2322 841 2358 confirmabis
863 2324 911 2358 M
925 2324 997 2368 Vs,
1013 2325 1077 2368 K„
1098 2324 1280 2361 confirma.
1299 2325 1352 2360 D.
1427 2327 1450 2360 ὅ
1464 2333 1567 2359 erra-

180 2382 266 2407 vero
293 2371 489 2416 RFpra,
515 2382 640 2407 errato
667 2371 720 2415 D,
746 2382 870 2407 errare
894 2372 939 2406 Μ
953 2373 1025 2416 Vs,
1053 2373 1103 2409 K.
1205 2377 1248 2408 27
1278 2372 1408 2409 doceri
1433 2370 1566 2419 RFp,

184 2419 278 2464 Otto,
304 2419 449 2466 Stanql,
477 2420 623 2465 Μυκη,
650 2419 794 2455 discere
824 2421 874 2456 M
886 2421 1075 2466 VDrsa‚
1103 2422 1152 2457 K.
