<?xml version="1.0" encoding="UTF-8"?>
<!DOCTYPE html PUBLIC "-//W3C//DTD XHTML 1.0 Transitional//EN"
    "http://www.w3.org/TR/xhtml1/DTD/xhtml1-transitional.dtd">
<html xmlns="http://www.w3.org/1999/xhtml" xml:lang="en" lang="en">
 <head>
  <title>
</title>
<meta http-equiv="Content-Type" content="text/html;charset=utf-8" />
  <meta name='ocr-system' content='tesseract 3.04.00' />
  <meta name='ocr-capabilities' content='ocr_page ocr_carea ocr_par ocr_line ocrx_word'/>
</head>
<body>
  <div class='ocr_page' id='page_1' title='image "./epistularumlibr00plin_0115.png"; bbox 0 0 1630 2678; ppageno 0'>
   <div class='ocr_carea' id='block_1_1' title="bbox 467 148 1468 198">
    <p class='ocr_par' dir='ltr' id='par_1_1' title="bbox 467 148 1468 198">
     <span class='ocr_line' id='line_1_1' title="bbox 467 148 1468 198; baseline 0.001 -12"><span class='ocrx_word' id='word_1_1' title='bbox 467 148 822 186; x_wconf 71' lang='lat' dir='ltr'><strong>EPISTULARUM</strong></span> <span class='ocrx_word' id='word_1_2' title='bbox 847 149 899 186; x_wconf 76' lang='grc' dir='ltr'><strong><em>Ν</em></strong></span> <span class='ocrx_word' id='word_1_3' title='bbox 926 154 984 195; x_wconf 82' lang='grc' dir='ltr'><strong>ιι,</strong></span> <span class='ocrx_word' id='word_1_4' title='bbox 1013 154 1069 187; x_wconf 84' lang='lat'><strong>12.</strong></span> <span class='ocrx_word' id='word_1_5' title='bbox 1409 154 1468 198; x_wconf 88' lang='lat'><strong>99</strong></span> 
     </span>
    </p>
   </div>
   <div class='ocr_carea' id='block_1_2' title="bbox 69 258 1544 1042">
    <p class='ocr_par' dir='ltr' id='par_1_2' title="bbox 69 258 1470 381">
     <span class='ocr_line' id='line_1_2' title="bbox 69 258 1470 320; baseline 0.002 -15"><span class='ocrx_word' id='word_1_6' title='bbox 69 258 244 306; x_wconf 72' lang='lat' dir='ltr'><strong>Nervus</strong></span> <span class='ocrx_word' id='word_1_7' title='bbox 270 261 514 306; x_wconf 74' lang='lat' dir='ltr'><strong>translatus</strong></span> <span class='ocrx_word' id='word_1_8' title='bbox 544 265 614 306; x_wconf 89' lang='lat' dir='ltr'><strong>est</strong></span> <span class='ocrx_word' id='word_1_9' title='bbox 642 262 690 306; x_wconf 92' lang='lat' dir='ltr'><strong>in</strong></span> <span class='ocrx_word' id='word_1_10' title='bbox 723 261 939 320; x_wconf 89' lang='lat' dir='ltr'><strong>Siciliam,</strong></span> <span class='ocrx_word' id='word_1_11' title='bbox 978 263 1054 306; x_wconf 92' lang='lat' dir='ltr'><strong>ubi</strong></span> <span class='ocrx_word' id='word_1_12' title='bbox 1085 278 1204 307; x_wconf 89' lang='lat' dir='ltr'><strong>nunc</strong></span> <span class='ocrx_word' id='word_1_13' title='bbox 1236 264 1470 320; x_wconf 84' lang='lat' dir='ltr'><strong>profitetur</strong></span> 
     </span>
     <span class='ocr_line' id='line_1_3' title="bbox 70 321 1113 381; baseline 0.002 -15"><span class='ocrx_word' id='word_1_14' title='bbox 70 335 206 379; x_wconf 84' lang='lat' dir='ltr'><strong>seque</strong></span> <span class='ocrx_word' id='word_1_15' title='bbox 235 321 291 366; x_wconf 90' lang='lat' dir='ltr'><strong>de</strong></span> <span class='ocrx_word' id='word_1_16' title='bbox 319 321 499 367; x_wconf 84' lang='lat' dir='ltr'><strong>fortuna</strong></span> <span class='ocrx_word' id='word_1_17' title='bbox 530 323 876 381; x_wconf 71' lang='lat' dir='ltr'><strong>praefationibus</strong></span> <span class='ocrx_word' id='word_1_18' title='bbox 907 323 1113 368; x_wconf 81' lang='lat' dir='ltr'><strong>vindicat.</strong></span> 
     </span>
    </p>

    <p class='ocr_par' dir='ltr' id='par_1_3' title="bbox 69 381 1544 1042">
     <span class='ocr_line' id='line_1_4' title="bbox 171 381 1542 443; baseline 0.002 -16"><span class='ocrx_word' id='word_1_19' title='bbox 171 381 328 441; x_wconf 86' lang='lat' dir='ltr'><strong>Vides,</strong></span> <span class='ocrx_word' id='word_1_20' title='bbox 358 399 490 441; x_wconf 90' lang='lat' dir='ltr'><strong>quam</strong></span> <span class='ocrx_word' id='word_1_21' title='bbox 523 385 813 442; x_wconf 70' lang='lat' dir='ltr'>obsequenter</span> <span class='ocrx_word' id='word_1_22' title='bbox 842 401 1019 443; x_wconf 86' lang='lat' dir='ltr'><strong>paream</strong></span> <span class='ocrx_word' id='word_1_23' title='bbox 1051 386 1151 442; x_wconf 90' lang='lat' dir='ltr'><strong>tibi,</strong></span> <span class='ocrx_word' id='word_1_24' title='bbox 1185 387 1262 442; x_wconf 86' lang='lat' dir='ltr'><strong>qui</strong></span> <span class='ocrx_word' id='word_1_25' title='bbox 1285 401 1377 430; x_wconf 91' lang='lat' dir='ltr'><strong>non</strong></span> <span class='ocrx_word' id='word_1_26' title='bbox 1402 401 1470 430; x_wconf 91' lang='lat' dir='ltr'><strong>so·</strong></span> <span class='ocrx_word' id='word_1_27' title='bbox 1497 405 1542 438; x_wconf 87' lang='lat'><strong>15</strong></span> 
     </span>
     <span class='ocr_line' id='line_1_5' title="bbox 69 443 1469 505; baseline 0.002 -17"><span class='ocrx_word' id='word_1_28' title='bbox 69 443 165 488; x_wconf 88' lang='lat' dir='ltr'><strong>lum</strong></span> <span class='ocrx_word' id='word_1_29' title='bbox 199 459 270 488; x_wconf 84' lang='lat' dir='ltr'><strong>res</strong></span> <span class='ocrx_word' id='word_1_30' title='bbox 308 445 516 502; x_wconf 80' lang='lat' dir='ltr'><strong>urbanas,</strong></span> <span class='ocrx_word' id='word_1_31' title='bbox 557 461 709 490; x_wconf 83' lang='lat' dir='ltr'><strong>verum</strong></span> <span class='ocrx_word' id='word_1_32' title='bbox 742 447 874 490; x_wconf 88' lang='lat' dir='ltr'><strong>etiam</strong></span> <span class='ocrx_word' id='word_1_33' title='bbox 906 447 1160 505; x_wconf 86' lang='lat' dir='ltr'><strong>peregrinas</strong></span> <span class='ocrx_word' id='word_1_34' title='bbox 1191 450 1283 491; x_wconf 92' lang='lat' dir='ltr'><strong>tam</strong></span> <span class='ocrx_word' id='word_1_35' title='bbox 1316 447 1469 491; x_wconf 92' lang='lat' dir='ltr'><strong>sedulo</strong></span> 
     </span>
     <span class='ocr_line' id='line_1_6' title="bbox 70 505 1471 566; baseline 0.002 -16"><span class='ocrx_word' id='word_1_36' title='bbox 70 505 236 563; x_wconf 80' lang='lat' dir='ltr'><strong>scribo,</strong></span> <span class='ocrx_word' id='word_1_37' title='bbox 270 510 323 550; x_wconf 90' lang='lat' dir='ltr'><strong>ut</strong></span> <span class='ocrx_word' id='word_1_38' title='bbox 359 507 491 550; x_wconf 88' lang='lat' dir='ltr'><strong>altius</strong></span> <span class='ocrx_word' id='word_1_39' title='bbox 527 511 735 564; x_wconf 78' lang='lat' dir='ltr'><strong>repetam.</strong></span> <span class='ocrx_word' id='word_1_40' title='bbox 797 507 858 551; x_wconf 88' lang='lat' dir='ltr'><strong>Et</strong></span> <span class='ocrx_word' id='word_1_41' title='bbox 889 523 993 552; x_wconf 92' lang='lat' dir='ltr'><strong>sane</strong></span> <span class='ocrx_word' id='word_1_42' title='bbox 1024 509 1234 565; x_wconf 90' lang='lat' dir='ltr'><strong>putabam</strong></span> <span class='ocrx_word' id='word_1_43' title='bbox 1266 512 1329 566; x_wconf 89' lang='lat' dir='ltr'><strong>te,</strong></span> <span class='ocrx_word' id='word_1_44' title='bbox 1366 510 1471 565; x_wconf 88' lang='lat' dir='ltr'><strong>quia</strong></span> 
     </span>
     <span class='ocr_line' id='line_1_7' title="bbox 70 567 1470 626; baseline 0.001 -14"><span class='ocrx_word' id='word_1_45' title='bbox 70 568 179 612; x_wconf 75' lang='lat' dir='ltr'><strong>tuno</strong></span> <span class='ocrx_word' id='word_1_46' title='bbox 209 567 374 624; x_wconf 78' lang='lat' dir='ltr'><strong>afuisti,</strong></span> <span class='ocrx_word' id='word_1_47' title='bbox 404 568 518 612; x_wconf 82' lang='lat' dir='ltr'><strong>nihil</strong></span> <span class='ocrx_word' id='word_1_48' title='bbox 549 570 669 613; x_wconf 89' lang='lat' dir='ltr'><strong>aliud</strong></span> <span class='ocrx_word' id='word_1_49' title='bbox 701 569 755 613; x_wconf 92' lang='lat' dir='ltr'><strong>de</strong></span> <span class='ocrx_word' id='word_1_50' title='bbox 780 569 1008 613; x_wconf 85' lang='lat' dir='ltr'><strong>Liciniano</strong></span> <span class='ocrx_word' id='word_1_51' title='bbox 1042 570 1214 614; x_wconf 81' lang='lat' dir='ltr'><strong>audisse</strong></span> <span class='ocrx_word' id='word_1_52' title='bbox 1241 585 1372 626; x_wconf 89' lang='lat' dir='ltr'><strong>quam</strong></span> <span class='ocrx_word' id='word_1_53' title='bbox 1405 586 1470 614; x_wconf 92' lang='lat' dir='ltr'><strong>re-</strong></span> 
     </span>
     <span class='ocr_line' id='line_1_8' title="bbox 69 627 1472 687; baseline 0.001 -14"><span class='ocrx_word' id='word_1_54' title='bbox 69 627 268 687; x_wconf 73' lang='lat' dir='ltr'><strong>legatum</strong></span> <span class='ocrx_word' id='word_1_55' title='bbox 309 629 366 673; x_wconf 93' lang='lat' dir='ltr'><strong>ob</strong></span> <span class='ocrx_word' id='word_1_56' title='bbox 407 630 635 674; x_wconf 85' lang='lat' dir='ltr'><strong>incestum.</strong></span> <span class='ocrx_word' id='word_1_57' title='bbox 699 629 926 674; x_wconf 81' lang='lat' dir='ltr'><strong>Summam</strong></span> <span class='ocrx_word' id='word_1_58' title='bbox 965 631 1081 674; x_wconf 91' lang='lat' dir='ltr'><strong>enim</strong></span> <span class='ocrx_word' id='word_1_59' title='bbox 1115 647 1262 675; x_wconf 89' lang='lat' dir='ltr'><strong>rerum</strong></span> <span class='ocrx_word' id='word_1_60' title='bbox 1293 631 1472 675; x_wconf 88' lang='lat' dir='ltr'><strong>nuntiat</strong></span> 
     </span>
     <span class='ocr_line' id='line_1_9' title="bbox 70 688 1544 750; baseline 0.001 -16"><span class='ocrx_word' id='word_1_61' title='bbox 70 688 209 748; x_wconf 75' lang='lat' dir='ltr'><strong>fama,</strong></span> <span class='ocrx_word' id='word_1_62' title='bbox 237 705 329 734; x_wconf 91' lang='lat' dir='ltr'><strong>non</strong></span> <span class='ocrx_word' id='word_1_63' title='bbox 360 691 570 735; x_wconf 77' lang='lat' dir='ltr'><strong>ordinem.</strong></span> <span class='ocrx_word' id='word_1_64' title='bbox 632 691 820 748; x_wconf 86' lang='lat' dir='ltr'><strong>Mereor,</strong></span> <span class='ocrx_word' id='word_1_65' title='bbox 852 695 902 735; x_wconf 91' lang='lat' dir='ltr'><strong>ut</strong></span> <span class='ocrx_word' id='word_1_66' title='bbox 933 692 1144 748; x_wconf 87' lang='lat' dir='ltr'><strong>vicissim,</strong></span> <span class='ocrx_word' id='word_1_67' title='bbox 1178 692 1285 749; x_wconf 90' lang='lat' dir='ltr'><strong>quid</strong></span> <span class='ocrx_word' id='word_1_68' title='bbox 1316 693 1363 736; x_wconf 89' lang='lat' dir='ltr'><strong>in</strong></span> <span class='ocrx_word' id='word_1_69' title='bbox 1395 707 1471 750; x_wconf 90' lang='lat' dir='ltr'><strong>op-</strong></span> <span class='ocrx_word' id='word_1_70' title='bbox 1498 711 1544 745; x_wconf 81' lang='lat'><strong>16</strong></span> 
     </span>
     <span class='ocr_line' id='line_1_10' title="bbox 72 751 1472 811; baseline 0.001 -15"><span class='ocrx_word' id='word_1_71' title='bbox 72 751 179 808; x_wconf 85' lang='lat' dir='ltr'><strong>pido</strong></span> <span class='ocrx_word' id='word_1_72' title='bbox 190 754 288 808; x_wconf 89' lang='lat' dir='ltr'><strong>tuo,</strong></span> <span class='ocrx_word' id='word_1_73' title='bbox 321 751 428 809; x_wconf 89' lang='lat' dir='ltr'><strong>quid</strong></span> <span class='ocrx_word' id='word_1_74' title='bbox 453 753 500 796; x_wconf 88' lang='lat' dir='ltr'><strong>in</strong></span> <span class='ocrx_word' id='word_1_75' title='bbox 524 753 724 796; x_wconf 86' lang='lat' dir='ltr'><strong>finitimis</strong></span> <span class='ocrx_word' id='word_1_76' title='bbox 751 756 907 811; x_wconf 77' lang='lat' dir='ltr'><strong>agatur</strong></span> <span class='ocrx_word' id='word_1_77' title='bbox 933 751 1097 811; x_wconf 90' lang='lat' dir='ltr'><strong>(solent</strong></span> <span class='ocrx_word' id='word_1_78' title='bbox 1122 754 1239 797; x_wconf 83' lang='lat' dir='ltr'><strong>enim</strong></span> <span class='ocrx_word' id='word_1_79' title='bbox 1256 754 1472 798; x_wconf 80' lang='lat' dir='ltr'><strong>notabilia</strong></span> 
     </span>
     <span class='ocr_line' id='line_1_11' title="bbox 73 812 1472 872; baseline 0.001 -15"><span class='ocrx_word' id='word_1_80' title='bbox 73 812 288 869; x_wconf 79' lang='lat' dir='ltr'><strong>quaedam</strong></span> <span class='ocrx_word' id='word_1_81' title='bbox 313 812 546 871; x_wconf 75' lang='lat' dir='ltr'><strong>incidere),</strong></span> <span class='ocrx_word' id='word_1_82' title='bbox 571 815 834 871; x_wconf 84' lang='lat' dir='ltr'><strong>perscribas,</strong></span> <span class='ocrx_word' id='word_1_83' title='bbox 861 814 1068 871; x_wconf 91' lang='lat' dir='ltr'><strong>denique,</strong></span> <span class='ocrx_word' id='word_1_84' title='bbox 1094 815 1309 871; x_wconf 90' lang='lat' dir='ltr'><strong>quidquid</strong></span> <span class='ocrx_word' id='word_1_85' title='bbox 1335 816 1472 872; x_wconf 85' lang='lat' dir='ltr'><strong>voles,</strong></span> 
     </span>
     <span class='ocr_line' id='line_1_12' title="bbox 73 873 1471 934; baseline 0.001 -16"><span class='ocrx_word' id='word_1_86' title='bbox 73 873 178 918; x_wconf 87' lang='lat' dir='ltr'><strong>dum</strong></span> <span class='ocrx_word' id='word_1_87' title='bbox 219 874 351 918; x_wconf 92' lang='lat' dir='ltr'><strong>modo</strong></span> <span class='ocrx_word' id='word_1_88' title='bbox 392 889 483 918; x_wconf 92' lang='lat' dir='ltr'><strong>non</strong></span> <span class='ocrx_word' id='word_1_89' title='bbox 527 876 670 919; x_wconf 89' lang='lat' dir='ltr'><strong>minus</strong></span> <span class='ocrx_word' id='word_1_90' title='bbox 701 876 837 934; x_wconf 89' lang='lat' dir='ltr'><strong>longa</strong></span> <span class='ocrx_word' id='word_1_91' title='bbox 874 876 1082 932; x_wconf 86' lang='lat' dir='ltr'><strong>epistula,</strong></span> <span class='ocrx_word' id='word_1_92' title='bbox 1119 877 1307 920; x_wconf 89' lang='lat' dir='ltr'><strong>nunties.</strong></span> <span class='ocrx_word' id='word_1_93' title='bbox 1371 876 1471 934; x_wconf 86' lang='lat' dir='ltr'><strong>Ego</strong></span> 
     </span>
     <span class='ocr_line' id='line_1_13' title="bbox 72 936 1471 994; baseline 0.001 -15"><span class='ocrx_word' id='word_1_94' title='bbox 72 949 165 979; x_wconf 86' lang='lat' dir='ltr'><strong>non</strong></span> <span class='ocrx_word' id='word_1_95' title='bbox 212 936 397 994; x_wconf 70' lang='lat' dir='ltr'><strong>paginas</strong></span> <span class='ocrx_word' id='word_1_96' title='bbox 440 939 634 993; x_wconf 88' lang='lat' dir='ltr'><strong>tantum,</strong></span> <span class='ocrx_word' id='word_1_97' title='bbox 684 938 759 980; x_wconf 92' lang='lat' dir='ltr'><strong>sed</strong></span> <span class='ocrx_word' id='word_1_98' title='bbox 811 951 961 981; x_wconf 84' lang='lat' dir='ltr'><strong>versus</strong></span> <span class='ocrx_word' id='word_1_99' title='bbox 1013 938 1146 980; x_wconf 90' lang='lat' dir='ltr'><strong>etiam</strong></span> <span class='ocrx_word' id='word_1_100' title='bbox 1191 938 1471 994; x_wconf 84' lang='lat' dir='ltr'><strong>syllabasque</strong></span> 
     </span>
     <span class='ocr_line' id='line_1_14' title="bbox 71 996 511 1042; baseline 0 -2"><span class='ocrx_word' id='word_1_101' title='bbox 71 996 324 1041; x_wconf 78' lang='lat' dir='ltr'><strong>numerabo.</strong></span> <span class='ocrx_word' id='word_1_102' title='bbox 389 997 511 1042; x_wconf 89' lang='lat' dir='ltr'><strong>Vale.</strong></span> 
     </span>
    </p>
   </div>
   <div class='ocr_carea' id='block_1_3' title="bbox 96 1075 1242 1197">
    <p class='ocr_par' dir='ltr' id='par_1_4' title="bbox 96 1075 1242 1197">
     <span class='ocr_line' id='line_1_15' title="bbox 96 1075 1022 1158; baseline -0.004 -21"><span class='ocrx_word' id='word_1_103' title='bbox 96 1089 329 1143; x_wconf 51' lang='lat' dir='ltr'><strong>nuum,</strong></span> <span class='ocrx_word' id='word_1_104' title='bbox 354 1114 375 1131; x_wconf 77' lang='lat'><em>⁴</em></span> <span class='ocrx_word' id='word_1_105' title='bbox 397 1093 528 1157; x_wconf 54' lang='lat'><strong>5:427</strong></span> <span class='ocrx_word' id='word_1_106' title='bbox 544 1089 679 1150; x_wconf 62' lang='lat' dir='ltr'><strong>she!</strong></span> <span class='ocrx_word' id='word_1_107' title='bbox 721 1075 813 1114; x_wconf 76' lang='grc' dir='ltr'><strong>ΧΠ·</strong></span> <span class='ocrx_word' id='word_1_108' title='bbox 834 1089 1022 1158; x_wconf 54' lang='grc' dir='ltr'><strong>ἶνιν-«6</strong></span> 
     </span>
     <span class='ocr_line' id='line_1_16' title="bbox 303 1160 1242 1197; baseline 0.003 -3"><span class='ocrx_word' id='word_1_109' title='bbox 303 1160 346 1195; x_wconf 85' lang='lat' dir='ltr'><strong>C.</strong></span> <span class='ocrx_word' id='word_1_110' title='bbox 365 1161 568 1195; x_wconf 83' lang='lat' dir='ltr'>PLINIUS</span> <span class='ocrx_word' id='word_1_111' title='bbox 594 1162 803 1196; x_wconf 84' lang='lat' dir='ltr'><strong>MATURO</strong></span> <span class='ocrx_word' id='word_1_112' title='bbox 830 1162 1052 1196; x_wconf 84' lang='lat' dir='ltr'>ARRIANO</span> <span class='ocrx_word' id='word_1_113' title='bbox 1080 1162 1175 1197; x_wconf 89' lang='lat' dir='ltr'><strong>SUO</strong></span> <span class='ocrx_word' id='word_1_114' title='bbox 1204 1162 1242 1196; x_wconf 79' lang='lat' dir='ltr'><strong>S·</strong></span> 
     </span>
    </p>
   </div>
   <div class='ocr_carea' id='block_1_4' title="bbox 72 1239 1519 2096">
    <p class='ocr_par' dir='ltr' id='par_1_5' title="bbox 72 1239 1519 2096">
     <span class='ocr_line' id='line_1_17' title="bbox 151 1239 1518 1301; baseline 0.001 -16"><span class='ocrx_word' id='word_1_115' title='bbox 151 1239 289 1286; x_wconf 81' lang='lat' dir='ltr'><strong>Amas</strong></span> <span class='ocrx_word' id='word_1_116' title='bbox 339 1240 583 1301; x_wconf 80' lang='lat' dir='ltr'><strong>Egnatium</strong></span> <span class='ocrx_word' id='word_1_117' title='bbox 626 1241 932 1286; x_wconf 86' lang='lat' dir='ltr'><strong>Marcellinum</strong></span> <span class='ocrx_word' id='word_1_118' title='bbox 992 1246 1125 1299; x_wconf 87' lang='lat' dir='ltr'><strong>atque</strong></span> <span class='ocrx_word' id='word_1_119' title='bbox 1175 1242 1309 1286; x_wconf 89' lang='lat' dir='ltr'><strong>etiam</strong></span> <span class='ocrx_word' id='word_1_120' title='bbox 1361 1243 1471 1286; x_wconf 91' lang='lat' dir='ltr'><strong>mihi</strong></span> <span class='ocrx_word' id='word_1_121' title='bbox 1500 1250 1518 1281; x_wconf 87' lang='lat'><strong>1</strong></span> 
     </span>
     <span class='ocr_line' id='line_1_18' title="bbox 73 1303 1471 1362; baseline 0 -15"><span class='ocrx_word' id='word_1_122' title='bbox 73 1317 203 1360; x_wconf 75' lang='lat' dir='ltr'><strong>saepe</strong></span> <span class='ocrx_word' id='word_1_123' title='bbox 221 1303 503 1348; x_wconf 74' lang='lat' dir='ltr'><strong>commendas</strong></span> <span class='ocrx_word' id='word_1_124' title='bbox 522 1303 752 1362; x_wconf 91' lang='lat' dir='ltr'><strong>magisque</strong></span> <span class='ocrx_word' id='word_1_125' title='bbox 778 1303 1119 1360; x_wconf 87' lang='lat' dir='ltr'><strong>commendabis,</strong></span> <span class='ocrx_word' id='word_1_126' title='bbox 1147 1304 1185 1347; x_wconf 92' lang='lat' dir='ltr'><strong>si</strong></span> <span class='ocrx_word' id='word_1_127' title='bbox 1211 1304 1471 1362; x_wconf 81' lang='lat' dir='ltr'><strong>cognoveris</strong></span> 
     </span>
     <span class='ocr_line' id='line_1_19' title="bbox 72 1364 1517 1422; baseline 0.001 -15"><span class='ocrx_word' id='word_1_128' title='bbox 72 1364 167 1408; x_wconf 86' lang='lat' dir='ltr'><strong>eius</strong></span> <span class='ocrx_word' id='word_1_129' title='bbox 210 1378 362 1409; x_wconf 85' lang='lat' dir='ltr'><strong>recens</strong></span> <span class='ocrx_word' id='word_1_130' title='bbox 418 1365 597 1409; x_wconf 88' lang='lat' dir='ltr'><strong>factum.</strong></span> <span class='ocrx_word' id='word_1_131' title='bbox 673 1364 783 1408; x_wconf 90' lang='lat' dir='ltr'><strong>Cum</strong></span> <span class='ocrx_word' id='word_1_132' title='bbox 841 1366 887 1408; x_wconf 92' lang='lat' dir='ltr'><strong>in</strong></span> <span class='ocrx_word' id='word_1_133' title='bbox 944 1365 1218 1422; x_wconf 86' lang='lat' dir='ltr'><strong>provinciam</strong></span> <span class='ocrx_word' id='word_1_134' title='bbox 1263 1368 1472 1421; x_wconf 89' lang='lat' dir='ltr'><strong>quaestor</strong></span> <span class='ocrx_word' id='word_1_135' title='bbox 1497 1377 1517 1409; x_wconf 78' lang='lat'>2</span> 
     </span>
     <span class='ocr_line' id='line_1_20' title="bbox 72 1425 1471 1484; baseline -0.001 -14"><span class='ocrx_word' id='word_1_136' title='bbox 72 1425 235 1470; x_wconf 80' lang='lat' dir='ltr'><strong>exisset</strong></span> <span class='ocrx_word' id='word_1_137' title='bbox 265 1425 555 1483; x_wconf 86' lang='lat' dir='ltr'><strong>scribamque,</strong></span> <span class='ocrx_word' id='word_1_138' title='bbox 574 1426 651 1483; x_wconf 93' lang='lat' dir='ltr'><strong>qui</strong></span> <span class='ocrx_word' id='word_1_139' title='bbox 682 1429 801 1470; x_wconf 89' lang='lat' dir='ltr'><strong>sorte</strong></span> <span class='ocrx_word' id='word_1_140' title='bbox 828 1427 1070 1484; x_wconf 85' lang='lat' dir='ltr'><strong>obtigerat,</strong></span> <span class='ocrx_word' id='word_1_141' title='bbox 1095 1429 1196 1469; x_wconf 87' lang='lat' dir='ltr'><strong>ante</strong></span> <span class='ocrx_word' id='word_1_142' title='bbox 1221 1426 1471 1484; x_wconf 86' lang='lat' dir='ltr'><strong>legitimum</strong></span> 
     </span>
     <span class='ocr_line' id='line_1_21' title="bbox 73 1486 1472 1544; baseline 0.001 -14"><span class='ocrx_word' id='word_1_143' title='bbox 73 1486 222 1530; x_wconf 74' lang='lat' dir='ltr'><strong>salarii</strong></span> <span class='ocrx_word' id='word_1_144' title='bbox 241 1489 415 1544; x_wconf 79' lang='lat' dir='ltr'><strong>tempus</strong></span> <span class='ocrx_word' id='word_1_145' title='bbox 435 1488 671 1543; x_wconf 88' lang='lat' dir='ltr'><strong>amisisset,</strong></span> <span class='ocrx_word' id='word_1_146' title='bbox 693 1487 811 1544; x_wconf 93' lang='lat' dir='ltr'><strong>quod</strong></span> <span class='ocrx_word' id='word_1_147' title='bbox 833 1490 1061 1544; x_wconf 86' lang='lat' dir='ltr'><strong>acceperat</strong></span> <span class='ocrx_word' id='word_1_148' title='bbox 1081 1487 1250 1531; x_wconf 87' lang='lat' dir='ltr'><strong>scribae</strong></span> <span class='ocrx_word' id='word_1_149' title='bbox 1277 1487 1472 1544; x_wconf 78' lang='lat' dir='ltr'><strong>daturus,</strong></span> 
     </span>
     <span class='ocr_line' id='line_1_22' title="bbox 72 1547 1470 1606; baseline 0 -14"><span class='ocrx_word' id='word_1_150' title='bbox 72 1547 291 1592; x_wconf 68' lang='lat' dir='ltr'><strong>intellexit</strong></span> <span class='ocrx_word' id='word_1_151' title='bbox 322 1551 366 1592; x_wconf 89' lang='lat' dir='ltr'><strong>et</strong></span> <span class='ocrx_word' id='word_1_152' title='bbox 408 1549 565 1593; x_wconf 85' lang='lat' dir='ltr'><strong>statuit</strong></span> <span class='ocrx_word' id='word_1_153' title='bbox 595 1549 819 1592; x_wconf 89' lang='lat' dir='ltr'><strong>subsidere</strong></span> <span class='ocrx_word' id='word_1_154' title='bbox 870 1549 986 1605; x_wconf 90' lang='lat' dir='ltr'><strong>apud</strong></span> <span class='ocrx_word' id='word_1_155' title='bbox 1038 1563 1084 1592; x_wconf 90' lang='lat' dir='ltr'><strong>se</strong></span> <span class='ocrx_word' id='word_1_156' title='bbox 1134 1563 1225 1592; x_wconf 93' lang='lat' dir='ltr'><strong>non</strong></span> <span class='ocrx_word' id='word_1_157' title='bbox 1257 1551 1470 1606; x_wconf 86' lang='lat' dir='ltr'><strong>oportere.</strong></span> 
     </span>
     <span class='ocr_line' id='line_1_23' title="bbox 72 1607 1517 1666; baseline 0.001 -13"><span class='ocrx_word' id='word_1_158' title='bbox 72 1607 228 1666; x_wconf 83' lang='lat' dir='ltr'><strong>Itaque</strong></span> <span class='ocrx_word' id='word_1_159' title='bbox 282 1624 483 1654; x_wconf 80' lang='lat' dir='ltr'><strong>reversus</strong></span> <span class='ocrx_word' id='word_1_160' title='bbox 535 1609 787 1665; x_wconf 86' lang='lat' dir='ltr'><strong>Caesarem,</strong></span> <span class='ocrx_word' id='word_1_161' title='bbox 841 1609 996 1652; x_wconf 91' lang='lat' dir='ltr'><strong>deinde</strong></span> <span class='ocrx_word' id='word_1_162' title='bbox 1052 1608 1235 1654; x_wconf 86' lang='lat' dir='ltr'><strong>Caesare</strong></span> <span class='ocrx_word' id='word_1_163' title='bbox 1289 1612 1468 1654; x_wconf 90' lang='lat' dir='ltr'><strong>auctore</strong></span> <span class='ocrx_word' id='word_1_164' title='bbox 1496 1621 1517 1653; x_wconf 80' lang='grc'><strong>3</strong></span> 
     </span>
     <span class='ocr_line' id='line_1_24' title="bbox 72 1670 1471 1727; baseline 0 -13"><span class='ocrx_word' id='word_1_165' title='bbox 72 1673 273 1714; x_wconf 85' lang='lat' dir='ltr'><strong>senatum</strong></span> <span class='ocrx_word' id='word_1_166' title='bbox 305 1672 546 1727; x_wconf 88' lang='lat' dir='ltr'><strong>consuluit,</strong></span> <span class='ocrx_word' id='word_1_167' title='bbox 579 1670 686 1727; x_wconf 90' lang='lat' dir='ltr'><strong>quid</strong></span> <span class='ocrx_word' id='word_1_168' title='bbox 719 1670 814 1714; x_wconf 88' lang='lat' dir='ltr'><strong>fieri</strong></span> <span class='ocrx_word' id='word_1_169' title='bbox 848 1670 900 1714; x_wconf 91' lang='lat' dir='ltr'><strong>de</strong></span> <span class='ocrx_word' id='word_1_170' title='bbox 933 1670 1093 1714; x_wconf 87' lang='lat' dir='ltr'><strong>salario</strong></span> <span class='ocrx_word' id='word_1_171' title='bbox 1119 1671 1263 1715; x_wconf 78' lang='lat' dir='ltr'><strong>vellet.</strong></span> <span class='ocrx_word' id='word_1_172' title='bbox 1328 1670 1471 1715; x_wconf 85' lang='lat' dir='ltr'><strong>Parva</strong></span> 
     </span>
     <span class='ocr_line' id='line_1_25' title="bbox 73 1730 1469 1788; baseline 0 -13"><span class='ocrx_word' id='word_1_173' title='bbox 73 1731 293 1788; x_wconf 86' lang='lat' dir='ltr'><strong>quaestio,</strong></span> <span class='ocrx_word' id='word_1_174' title='bbox 325 1731 401 1776; x_wconf 90' lang='lat' dir='ltr'><strong>sed</strong></span> <span class='ocrx_word' id='word_1_175' title='bbox 443 1736 590 1776; x_wconf 89' lang='lat' dir='ltr'><strong>tamen</strong></span> <span class='ocrx_word' id='word_1_176' title='bbox 635 1732 847 1787; x_wconf 89' lang='lat' dir='ltr'><strong>quaestio.</strong></span> <span class='ocrx_word' id='word_1_177' title='bbox 923 1730 1120 1776; x_wconf 88' lang='lat' dir='ltr'><strong>Heredes</strong></span> <span class='ocrx_word' id='word_1_178' title='bbox 1162 1732 1331 1776; x_wconf 86' lang='lat' dir='ltr'><strong>scribae</strong></span> <span class='ocrx_word' id='word_1_179' title='bbox 1373 1732 1469 1788; x_wconf 89' lang='lat' dir='ltr'><strong>sibi,</strong></span> 
     </span>
     <span class='ocr_line' id='line_1_26' title="bbox 74 1791 1518 1850; baseline 0 -14"><span class='ocrx_word' id='word_1_180' title='bbox 74 1791 285 1850; x_wconf 80' lang='lat' dir='ltr'><strong>praefecti</strong></span> <span class='ocrx_word' id='word_1_181' title='bbox 317 1794 455 1836; x_wconf 82' lang='lat' dir='ltr'><strong>aerari</strong></span> <span class='ocrx_word' id='word_1_182' title='bbox 487 1794 655 1850; x_wconf 88' lang='lat' dir='ltr'><strong>populo</strong></span> <span class='ocrx_word' id='word_1_183' title='bbox 688 1791 980 1836; x_wconf 82' lang='lat' dir='ltr'><strong>vindicabant.</strong></span> <span class='ocrx_word' id='word_1_184' title='bbox 1050 1792 1165 1837; x_wconf 88' lang='lat' dir='ltr'><strong>Acta</strong></span> <span class='ocrx_word' id='word_1_185' title='bbox 1207 1808 1339 1838; x_wconf 89' lang='lat' dir='ltr'><strong>causa</strong></span> <span class='ocrx_word' id='word_1_186' title='bbox 1379 1797 1469 1848; x_wconf 86' lang='lat' dir='ltr'><strong>est3</strong></span> <span class='ocrx_word' id='word_1_187' title='bbox 1496 1806 1518 1836; x_wconf 81' lang='lat'><strong>4</strong></span> 
     </span>
     <span class='ocr_line' id='line_1_27' title="bbox 74 1852 1470 1911; baseline 0.001 -15"><span class='ocrx_word' id='word_1_188' title='bbox 74 1852 188 1897; x_wconf 80' lang='lat' dir='ltr'><strong>dixit</strong></span> <span class='ocrx_word' id='word_1_189' title='bbox 217 1852 424 1897; x_wconf 86' lang='lat' dir='ltr'><strong>heredum</strong></span> <span class='ocrx_word' id='word_1_190' title='bbox 459 1854 713 1909; x_wconf 81' lang='lat' dir='ltr'><strong>advocatus,</strong></span> <span class='ocrx_word' id='word_1_191' title='bbox 746 1853 902 1897; x_wconf 89' lang='lat' dir='ltr'><strong>deinde</strong></span> <span class='ocrx_word' id='word_1_192' title='bbox 942 1854 1115 1911; x_wconf 92' lang='lat' dir='ltr'><strong>populi,</strong></span> <span class='ocrx_word' id='word_1_193' title='bbox 1148 1857 1332 1911; x_wconf 86' lang='lat' dir='ltr'><strong>uterque</strong></span> <span class='ocrx_word' id='word_1_194' title='bbox 1372 1870 1470 1911; x_wconf 89' lang='lat' dir='ltr'><strong>per-</strong></span> 
     </span>
     <span class='ocr_line' id='line_1_28' title="bbox 74 1912 1470 1971; baseline 0.001 -14"><span class='ocrx_word' id='word_1_195' title='bbox 74 1913 316 1958; x_wconf 90' lang='lat' dir='ltr'><strong>commode.</strong></span> <span class='ocrx_word' id='word_1_196' title='bbox 367 1912 582 1958; x_wconf 87' lang='lat' dir='ltr'><strong>Caecilius</strong></span> <span class='ocrx_word' id='word_1_197' title='bbox 610 1914 768 1958; x_wconf 86' lang='lat' dir='ltr'><strong>Strabo</strong></span> <span class='ocrx_word' id='word_1_198' title='bbox 801 1915 968 1959; x_wconf 85' lang='lat' dir='ltr'><strong>aerario</strong></span> <span class='ocrx_word' id='word_1_199' title='bbox 990 1916 1161 1960; x_wconf 89' lang='lat' dir='ltr'><strong>censuit</strong></span> <span class='ocrx_word' id='word_1_200' title='bbox 1179 1916 1470 1971; x_wconf 89' lang='lat' dir='ltr'><strong>inferendum,</strong></span> 
     </span>
     <span class='ocr_line' id='line_1_29' title="bbox 74 1974 1469 2021; baseline 0.001 -3"><span class='ocrx_word' id='word_1_201' title='bbox 74 1974 267 2019; x_wconf 79' lang='lat' dir='ltr'><strong>Baebius</strong></span> <span class='ocrx_word' id='word_1_202' title='bbox 311 1974 460 2019; x_wconf 82' lang='lat' dir='ltr'><strong>Macer</strong></span> <span class='ocrx_word' id='word_1_203' title='bbox 501 1975 734 2019; x_wconf 88' lang='lat' dir='ltr'><strong>heredibus</strong></span> <span class='ocrx_word' id='word_1_204' title='bbox 789 1975 1000 2020; x_wconf 84' lang='lat' dir='ltr'><strong>dandum:</strong></span> <span class='ocrx_word' id='word_1_205' title='bbox 1052 1977 1246 2021; x_wconf 87' lang='lat' dir='ltr'><strong>obtinuit</strong></span> <span class='ocrx_word' id='word_1_206' title='bbox 1298 1975 1469 2020; x_wconf 85' lang='lat' dir='ltr'><strong>Strabo.</strong></span> 
     </span>
     <span class='ocr_line' id='line_1_30' title="bbox 73 2034 1519 2096; baseline 0.001 -17"><span class='ocrx_word' id='word_1_207' title='bbox 73 2034 143 2080; x_wconf 79' lang='lat' dir='ltr'><strong>&#39;l&#39;u</strong></span> <span class='ocrx_word' id='word_1_208' title='bbox 174 2036 306 2080; x_wconf 90' lang='lat' dir='ltr'><strong>lauda</strong></span> <span class='ocrx_word' id='word_1_209' title='bbox 337 2035 658 2093; x_wconf 83' lang='lat' dir='ltr'><strong>Marcellinum,</strong></span> <span class='ocrx_word' id='word_1_210' title='bbox 700 2039 750 2080; x_wconf 92' lang='lat' dir='ltr'><strong>ut</strong></span> <span class='ocrx_word' id='word_1_211' title='bbox 781 2052 863 2096; x_wconf 84' lang='lat' dir='ltr'><strong>ego</strong></span> <span class='ocrx_word' id='word_1_212' title='bbox 906 2037 1054 2081; x_wconf 83' lang='lat' dir='ltr'><strong>statim</strong></span> <span class='ocrx_word' id='word_1_213' title='bbox 1099 2038 1195 2082; x_wconf 87' lang='lat' dir='ltr'><strong>feci.</strong></span> <span class='ocrx_word' id='word_1_214' title='bbox 1260 2037 1469 2089; x_wconf 86' lang='lat' dir='ltr'><strong>Quamvis</strong></span> <span class='ocrx_word' id='word_1_215' title='bbox 1497 2048 1519 2080; x_wconf 87' lang='lat'><strong>5</strong></span> 
     </span>
    </p>
   </div>
   <div class='ocr_carea' id='block_1_5' title="bbox 74 2131 1472 2522">
    <p class='ocr_par' dir='ltr' id='par_1_6' title="bbox 74 2131 1472 2522">
     <span class='ocr_line' id='line_1_31' title="bbox 174 2131 1471 2190; baseline 0 -22"><span class='ocrx_word' id='word_1_216' title='bbox 174 2135 195 2168; x_wconf 81' lang='grc'>9</span> <span class='ocrx_word' id='word_1_217' title='bbox 215 2131 346 2169; x_wconf 86' lang='lat' dir='ltr'><strong>notab.</strong></span> <span class='ocrx_word' id='word_1_218' title='bbox 362 2131 501 2178; x_wconf 80' lang='lat' dir='ltr'><strong>quaed.</strong></span> <span class='ocrx_word' id='word_1_219' title='bbox 516 2132 719 2179; x_wconf 82' lang='lat' dir='ltr'><strong>RFpra,</strong></span> <span class='ocrx_word' id='word_1_220' title='bbox 739 2133 876 2190; x_wconf 83' lang='lat' dir='ltr'><strong>quaed.</strong></span> <span class='ocrx_word' id='word_1_221' title='bbox 899 2133 1029 2170; x_wconf 80' lang='lat' dir='ltr'><strong>notab.</strong></span> <span class='ocrx_word' id='word_1_222' title='bbox 1052 2135 1103 2170; x_wconf 87' lang='lat' dir='ltr'><strong><em>M</em></strong></span> <span class='ocrx_word' id='word_1_223' title='bbox 1116 2134 1196 2177; x_wconf 69' lang='lat' dir='ltr'><strong>Vs,</strong></span> <span class='ocrx_word' id='word_1_224' title='bbox 1216 2133 1264 2178; x_wconf 83' lang='lat' dir='ltr'><strong>cf.</strong></span> <span class='ocrx_word' id='word_1_225' title='bbox 1279 2134 1355 2169; x_wconf 89' lang='lat' dir='ltr'><strong>III</strong></span> <span class='ocrx_word' id='word_1_226' title='bbox 1371 2137 1405 2176; x_wconf 90' lang='lat'><strong>1,</strong></span> <span class='ocrx_word' id='word_1_227' title='bbox 1424 2135 1471 2177; x_wconf 83' lang='lat'><strong>2;</strong></span> 
     </span>
     <span class='ocr_line' id='line_1_32' title="bbox 74 2181 1471 2229; baseline -0.002 -10"><span class='ocrx_word' id='word_1_228' title='bbox 74 2192 213 2229; x_wconf 69' lang='lat' dir='ltr'><strong>paneq-</strong></span> <span class='ocrx_word' id='word_1_229' title='bbox 228 2184 289 2227; x_wconf 88' lang='lat'><strong>35,</strong></span> <span class='ocrx_word' id='word_1_230' title='bbox 306 2185 352 2227; x_wconf 80' lang='lat'><strong>4;</strong></span> <span class='ocrx_word' id='word_1_231' title='bbox 371 2184 430 2225; x_wconf 89' lang='lat'><strong>60,</strong></span> <span class='ocrx_word' id='word_1_232' title='bbox 451 2183 485 2217; x_wconf 89' lang='lat'><strong>6.</strong></span> <span class='ocrx_word' id='word_1_233' title='bbox 586 2185 628 2217; x_wconf 91' lang='lat'><strong>11</strong></span> <span class='ocrx_word' id='word_1_234' title='bbox 650 2181 787 2219; x_wconf 83' lang='lat' dir='ltr'><strong>nuntia</strong></span> <span class='ocrx_word' id='word_1_235' title='bbox 806 2183 856 2219; x_wconf 82' lang='lat' dir='ltr'><strong><em>M</em></strong></span> <span class='ocrx_word' id='word_1_236' title='bbox 869 2182 964 2227; x_wconf 87' lang='lat' dir='ltr'><strong>VD,</strong></span> <span class='ocrx_word' id='word_1_237' title='bbox 984 2182 1034 2219; x_wconf 82' lang='lat' dir='ltr'><strong>K.</strong></span> <span class='ocrx_word' id='word_1_238' title='bbox 1138 2186 1181 2218; x_wconf 81' lang='lat'><strong>12</strong></span> <span class='ocrx_word' id='word_1_239' title='bbox 1203 2182 1319 2218; x_wconf 83' lang='lat' dir='ltr'><strong>etiam</strong></span> <span class='ocrx_word' id='word_1_240' title='bbox 1340 2192 1471 2217; x_wconf 88' lang='lat' dir='ltr'><strong>versus</strong></span> 
     </span>
     <span class='ocr_line' id='line_1_33' title="bbox 75 2230 1471 2278; baseline -0.001 -10"><span class='ocrx_word' id='word_1_241' title='bbox 75 2230 217 2278; x_wconf 76' lang='lat' dir='ltr'><strong>RFpr</strong></span> <span class='ocrx_word' id='word_1_242' title='bbox 225 2243 262 2268; x_wconf 78' lang='lat' dir='ltr'><strong>a.</strong></span> <span class='ocrx_word' id='word_1_243' title='bbox 366 2233 409 2266; x_wconf 81' lang='lat'><strong>15</strong></span> <span class='ocrx_word' id='word_1_244' title='bbox 436 2230 587 2266; x_wconf 84' lang='lat' dir='ltr'><strong>Maturo</strong></span> <span class='ocrx_word' id='word_1_245' title='bbox 613 2242 660 2268; x_wconf 76' lang='lat' dir='ltr'><strong>ex</strong></span> <span class='ocrx_word' id='word_1_246' title='bbox 679 2231 726 2268; x_wconf 87' lang='lat' dir='ltr'><strong>R.</strong></span> <span class='ocrx_word' id='word_1_247' title='bbox 832 2235 872 2267; x_wconf 77' lang='lat'><strong>17</strong></span> <span class='ocrx_word' id='word_1_248' title='bbox 895 2231 1138 2268; x_wconf 83' lang='lat' dir='ltr'><strong>commendas</strong></span> <span class='ocrx_word' id='word_1_249' title='bbox 1159 2241 1259 2277; x_wconf 80' lang='lat' dir='ltr'><strong>mag.</strong></span> <span class='ocrx_word' id='word_1_250' title='bbox 1282 2241 1416 2266; x_wconf 88' lang='lat' dir='ltr'><strong>comm.</strong></span> <span class='ocrx_word' id='word_1_251' title='bbox 1438 2230 1471 2266; x_wconf 87' lang='lat' dir='ltr'><strong>si</strong></span> 
     </span>
     <span class='ocr_line' id='line_1_34' title="bbox 75 2278 1472 2372; baseline -0.001 -55"><span class='ocrx_word' id='word_1_252' title='bbox 75 2279 174 2324; x_wconf 80' lang='lat' dir='ltr'><strong>RF,</strong></span> <span class='ocrx_word' id='word_1_253' title='bbox 204 2279 448 2317; x_wconf 84' lang='lat' dir='ltr'><strong>commendas</strong></span> <span class='ocrx_word' id='word_1_254' title='bbox 475 2278 623 2315; x_wconf 77' lang='lat' dir='ltr'><strong>amabis</strong></span> <span class='ocrx_word' id='word_1_255' title='bbox 649 2279 818 2327; x_wconf 65' lang='lat' dir='ltr'><strong>magiae</strong></span> <span class='ocrx_word' id='word_1_256' title='bbox 799 2279 1162 2325; x_wconf 80' lang='lat' dir='ltr'><strong>commendabisque</strong></span> <span class='ocrx_word' id='word_1_257' title='bbox 1189 2279 1221 2315; x_wconf 92' lang='lat' dir='ltr'><strong>si</strong></span> <span class='ocrx_word' id='word_1_258' title='bbox 1247 2279 1340 2322; x_wconf 80' lang='lat' dir='ltr'><strong>rell,</strong></span> <span class='ocrx_word' id='word_1_259' title='bbox 1370 2278 1472 2372; x_wconf 53' lang='lat'><strong>⁰⁹¹3</strong></span> 
     </span>
     <span class='ocr_line' id='line_1_35' title="bbox 77 2308 1416 2374; baseline -0.001 -10"><span class='ocrx_word' id='word_1_260' title='bbox 77 2330 124 2365; x_wconf 83' lang='lat'><strong>18</strong></span> <span class='ocrx_word' id='word_1_261' title='bbox 148 2339 222 2365; x_wconf 84' lang='lat' dir='ltr'><strong>rec.</strong></span> <span class='ocrx_word' id='word_1_262' title='bbox 248 2328 332 2365; x_wconf 85' lang='lat' dir='ltr'><strong>eius</strong></span> <span class='ocrx_word' id='word_1_263' title='bbox 359 2328 488 2366; x_wconf 82' lang='lat' dir='ltr'><strong>RFa.</strong></span> <span class='ocrx_word' id='word_1_264' title='bbox 607 2331 651 2364; x_wconf 85' lang='grc'><strong>19</strong></span> <span class='ocrx_word' id='word_1_265' title='bbox 677 2331 779 2365; x_wconf 79' lang='lat' dir='ltr'><strong>sorte</strong></span> <span class='ocrx_word' id='word_1_266' title='bbox 806 2329 945 2374; x_wconf 70' lang='lat' dir='ltr'><strong>FDe,</strong></span> <span class='ocrx_word' id='word_1_267' title='bbox 972 2329 1070 2365; x_wconf 84' lang='lat' dir='ltr'><strong>forte</strong></span> <span class='ocrx_word' id='word_1_268' title='bbox 1098 2329 1170 2374; x_wconf 78' lang='lat' dir='ltr'><strong>Rp</strong></span> <span class='ocrx_word' id='word_1_269' title='bbox 1180 2341 1218 2372; x_wconf 89' lang='lat' dir='ltr'><strong>r,</strong></span> <span class='ocrx_word' id='word_1_270' title='bbox 1245 2308 1340 2364; x_wconf 81' lang='lat' dir='ltr'><strong>sorti</strong></span> <span class='ocrx_word' id='word_1_271' title='bbox 1365 2327 1416 2363; x_wconf 84' lang='lat' dir='ltr'><strong><em>M</em></strong></span> 
     </span>
     <span class='ocr_line' id='line_1_36' title="bbox 75 2355 1472 2423; baseline -0.001 -9"><span class='ocrx_word' id='word_1_272' title='bbox 75 2378 177 2414; x_wconf 65' lang='lat' dir='ltr'><strong>non-te</strong></span> <span class='ocrx_word' id='word_1_273' title='bbox 203 2377 238 2414; x_wconf 83' lang='lat' dir='ltr'><strong>ei</strong></span> <span class='ocrx_word' id='word_1_274' title='bbox 265 2377 376 2422; x_wconf 79' lang='lat' dir='ltr'><strong>Boot,</strong></span> <span class='ocrx_word' id='word_1_275' title='bbox 400 2377 448 2421; x_wconf 79' lang='lat' dir='ltr'><strong>cf.</strong></span> <span class='ocrx_word' id='word_1_276' title='bbox 471 2377 601 2413; x_wconf 70' lang='lat' dir='ltr'><strong>Krane</strong></span> <span class='ocrx_word' id='word_1_277' title='bbox 620 2388 661 2423; x_wconf 81' lang='lat' dir='ltr'><strong>p.</strong></span> <span class='ocrx_word' id='word_1_278' title='bbox 684 2380 743 2422; x_wconf 90' lang='lat'><strong>16,</strong></span> <span class='ocrx_word' id='word_1_279' title='bbox 766 2378 854 2414; x_wconf 72' lang='lat' dir='ltr'><strong>adn.</strong></span> <span class='ocrx_word' id='word_1_280' title='bbox 877 2383 907 2415; x_wconf 92' lang='lat'><strong>1.</strong></span> <span class='ocrx_word' id='word_1_281' title='bbox 1015 2382 1060 2413; x_wconf 77' lang='lat'><strong>25</strong></span> <span class='ocrx_word' id='word_1_282' title='bbox 1088 2377 1235 2413; x_wconf 82' lang='lat' dir='ltr'><strong>aerario</strong></span> <span class='ocrx_word' id='word_1_283' title='bbox 1260 2375 1405 2423; x_wconf 87' lang='lat' dir='ltr'><strong>populo</strong></span> <span class='ocrx_word' id='word_1_284' title='bbox 1432 2355 1472 2413; x_wconf 82' lang='lat' dir='ltr'><strong>R’</strong></span> 
     </span>
     <span class='ocr_line' id='line_1_37' title="bbox 76 2425 1470 2473; baseline -0.001 -10"><span class='ocrx_word' id='word_1_285' title='bbox 76 2426 159 2470; x_wconf 71' lang='lat' dir='ltr'><strong>(ud</strong></span> <span class='ocrx_word' id='word_1_286' title='bbox 174 2438 223 2463; x_wconf 67' lang='lat' dir='ltr'><strong>n.</strong></span> <span class='ocrx_word' id='word_1_287' title='bbox 236 2428 272 2463; x_wconf 79' lang='lat'><strong>2.</strong></span> <span class='ocrx_word' id='word_1_288' title='bbox 284 2426 373 2463; x_wconf 78' lang='lat' dir='ltr'><strong>add.</strong></span> <span class='ocrx_word' id='word_1_289' title='bbox 388 2429 463 2472; x_wconf 56' lang='grc' dir='ltr'><strong>(ῃ),</strong></span> <span class='ocrx_word' id='word_1_290' title='bbox 483 2426 535 2469; x_wconf 93' lang='lat' dir='ltr'><strong>D,</strong></span> <span class='ocrx_word' id='word_1_291' title='bbox 555 2426 703 2462; x_wconf 79' lang='lat' dir='ltr'><strong>aerario</strong></span> <span class='ocrx_word' id='word_1_292' title='bbox 715 2426 935 2473; x_wconf 87' lang='lat' dir='ltr'><strong>populoque</strong></span> <span class='ocrx_word' id='word_1_293' title='bbox 952 2427 991 2463; x_wconf 82' lang='lat' dir='ltr'><em>F</em></span> <span class='ocrx_word' id='word_1_294' title='bbox 990 2438 1095 2473; x_wconf 74' lang='lat' dir='ltr'><strong>pra,</strong></span> <span class='ocrx_word' id='word_1_295' title='bbox 1116 2426 1171 2462; x_wconf 81' lang='lat' dir='ltr'><strong>vel</strong></span> <span class='ocrx_word' id='word_1_296' title='bbox 1189 2427 1243 2462; x_wconf 74' lang='lat' dir='ltr'><strong>sic</strong></span> <span class='ocrx_word' id='word_1_297' title='bbox 1261 2425 1318 2461; x_wconf 85' lang='lat' dir='ltr'><strong>vel</strong></span> <span class='ocrx_word' id='word_1_298' title='bbox 1331 2425 1470 2462; x_wconf 77' lang='lat' dir='ltr'><strong>aerarii</strong></span> 
     </span>
     <span class='ocr_line' id='line_1_38' title="bbox 77 2474 1468 2522; baseline -0.002 -11"><span class='ocrx_word' id='word_1_299' title='bbox 77 2474 227 2511; x_wconf 71' lang='lat' dir='ltr'><strong>serario</strong></span> <span class='ocrx_word' id='word_1_300' title='bbox 246 2474 465 2522; x_wconf 86' lang='lat' dir='ltr'><strong>populoque</strong></span> <span class='ocrx_word' id='word_1_301' title='bbox 485 2476 558 2519; x_wconf 77' lang='lat' dir='ltr'><strong>(ita</strong></span> <span class='ocrx_word' id='word_1_302' title='bbox 580 2474 808 2521; x_wconf 77' lang='lat' dir='ltr'><strong>Casaubon.)</strong></span> <span class='ocrx_word' id='word_1_303' title='bbox 832 2476 926 2519; x_wconf 82' lang='lat' dir='ltr'><strong>Otto,</strong></span> <span class='ocrx_word' id='word_1_304' title='bbox 947 2475 1067 2511; x_wconf 81' lang='lat' dir='ltr'><strong>aerari</strong></span> <span class='ocrx_word' id='word_1_305' title='bbox 1090 2474 1232 2521; x_wconf 89' lang='lat' dir='ltr'><strong>populo</strong></span> <span class='ocrx_word' id='word_1_306' title='bbox 1255 2474 1319 2520; x_wconf 78' lang='lat' dir='ltr'><strong>K,</strong></span> <span class='ocrx_word' id='word_1_307' title='bbox 1334 2474 1468 2512; x_wconf 79' lang='lat' dir='ltr'><strong>Muell.</strong></span> 
     </span>
    </p>
   </div>
   <div class='ocr_carea' id='block_1_6' title="bbox 1203 2547 1248 2583">
    <p class='ocr_par' dir='ltr' id='par_1_7' title="bbox 1203 2547 1248 2583">
     <span class='ocr_line' id='line_1_39' title="bbox 1203 2547 1248 2583; baseline 0 -17"><span class='ocrx_word' id='word_1_308' title='bbox 1203 2547 1248 2583; x_wconf 67' lang='lat'><strong>⁷0</strong></span> 
     </span>
    </p>
   </div>
   <div class='ocr_carea' id='block_1_7' title="bbox 76 2098 368 2104">
    <p class='ocr_par' dir='ltr' id='par_1_8' title="bbox 76 2098 368 2104">
     <span class='ocr_line' id='line_1_40' title="bbox 76 2098 368 2104; baseline 0 0"><span class='ocrx_word' id='word_1_309' title='bbox 76 2098 368 2104; x_wconf 95' lang='lat' dir='ltr'><strong> </strong></span> 
     </span>
    </p>
   </div>
  </div>
 </body>
</html>
