1630 2678
0 0 268 103 Ρῆψῆ

72 252 247 298 wenc
276 251 450 297 incitati
481 252 622 310 magis
655 267 788 308 quam
821 251 968 295 satiati
999 251 1262 296 viderentur.
1298 250 1476 296 Succes-
1504 263 1550 296 13

73 313 134 359 sit
149 312 262 358 mihi
280 312 494 358 Lucceius
514 313 703 357 Albinus
724 316 815 356 tam
834 316 948 370 apte,
974 316 1025 357 ut
1045 313 1266 357 orationes
1298 316 1475 357 nostrae

71 373 329 420 vuimoem
360 374 564 431 duarum,
602 377 858 419 contextum
896 374 1028 418 unius
1060 374 1266 418 habuisse
1299 375 1475 418 credan-

70 438 158 481 tur.
217 434 467 493 Respondit
498 435 747 479 Herennius
773 434 917 480 Pollio
949 436 1165 479 instanter
1195 438 1239 479 et
1270 436 1475 494 graviter,
1502 446 1550 479 14

0 511 48 541 a
70 496 229 542 deinde
258 496 549 554 Theophanes
581 511 744 541 rursus.
807 496 932 541 Fecit
963 497 1080 541 enim
1112 496 1197 541 hoc
1224 511 1401 554 quoque
1427 500 1477 540 ut

0 552 3 595 Ϊ
71 561 217 603 cetera
239 557 638 616 impudentissime,
671 558 790 614 quod
815 562 918 615 post
949 558 1059 602 duos
1091 561 1135 601 et
1155 559 1405 602 consulares
1432 562 1477 602 et

71 618 259 665 disertos
289 622 463 677 tempus
496 619 580 663 sibi
612 622 656 663 et
687 619 864 676 quidem
895 620 1039 663 laxius
1065 619 1316 663 vindicavit.
1349 618 1476 663 Dixit

70 681 121 726 in
175 683 352 725 noctem
410 684 542 737 atque
605 682 737 724 etiam
806 681 954 724 inlatis
1003 681 1206 724 lucernis.
1289 680 1474 724 Postero
1502 691 1548 724 15

70 741 143 786 die
173 745 358 802 egerunt
387 757 470 799 pro
503 741 641 786 Basso
673 741 816 786 Titius
849 741 1087 785 Homullus
1120 745 1164 785 et
1195 741 1362 785 Fronto
1395 742 1474 785 mi-

10 817 49 845 ιο
69 802 213 860 rifice3
243 806 451 860 quartum
481 803 598 848 diem
629 804 913 860 probationes
946 806 1227 860 occuparunt.
1293 802 1475 846 Censuit
1501 813 1547 847 16

70 863 262 909 Baebius
292 863 459 921 Macer,
498 865 653 908 consul
690 865 963 923 designatus,
1001 866 1099 922 lege
1131 864 1474 921 repetundarum

70 924 259 971 Bassum
301 926 461 982 teneri,
500 924 662 983 Caepio
695 919 858 983 Hispo,
896 927 1018 969 salva
1059 926 1275 983 dignitate
1306 925 1471 970 iudices

70 986 258 1042 dandos,
294 989 479 1044 uterque
512 991 641 1031 recte.
705 985 809 1039 ‘Qui
839 987 935 1031 fieri
967 987 1130 1044 potest'
1155 987 1323 1043 inquis,
1356 987 1471 1030 cum
1499 995 1545 1030 17

69 1050 162 1092 tam
195 1048 369 1092 diversa
387 1047 691 1092 censuerint?'
724 1047 838 1100 Quia
869 1049 1037 1092 scilicet
1069 1052 1113 1092 et
1144 1048 1294 1092 Macro
1327 1048 1471 1106 legem

8 1122 45 1151 ιι
69 1109 260 1154 intuenti
300 1112 643 1154 consentaneum
686 1109 773 1153 fuit
805 1109 1010 1153 damnare
1043 1125 1164 1165 eum,
1208 1110 1285 1166 qui
1318 1113 1472 1153 contra

66 1170 212 1229 legem
244 1185 426 1215 munera
456 1173 701 1228 acceperat,
734 1174 778 1214 et
804 1169 984 1228 Caepio,
1017 1185 1118 1214 cum
1145 1174 1321 1227 putaret
1339 1171 1471 1214 licere

67 1232 260 1288 senatui,
291 1232 407 1276 sicut
436 1232 557 1288 licet,
591 1235 635 1276 et
666 1232 869 1291 mitigare
894 1233 1015 1290 leges
1041 1236 1086 1276 et
1104 1232 1348 1288 intendere,
1379 1246 1471 1275 non

67 1292 164 1337 sine
202 1292 374 1338 ratione
413 1296 588 1338 veniam
630 1294 751 1337 dedit
794 1293 912 1337 facto
954 1294 1091 1337 vetito
1134 1293 1331 1349 quidem,
1379 1308 1471 1336 non

66 1356 217 1398 tamen
246 1354 468 1398 inusitato.
534 1354 785 1399 Praevaluit
816 1355 1033 1399 sententia
1071 1353 1324 1411 Caepionis,
1362 1355 1471 1410 quin
1497 1363 1543 1396 18

5 1429 44 1457 so
66 1415 204 1459 immo
248 1417 533 1474 consurgenti
573 1416 614 1460 ei
655 1416 710 1460 ad
751 1416 1017 1460 censendum
1059 1415 1351 1459 acclamatum
1391 1418 1470 1471 est,

66 1477 188 1533 quod
237 1477 353 1521 solet
400 1477 706 1521 residentibus.
787 1476 859 1520 Ex
908 1492 996 1533 quo
1048 1480 1174 1533 potes
1225 1477 1469 1533 aestimare,

67 1541 234 1594 quanto
266 1552 484 1582 consensu
515 1539 574 1582 sit
593 1541 844 1595 exceptum,
877 1553 978 1582 cum
1011 1538 1191 1593 diceret,
1224 1537 1343 1594 quod
1375 1540 1467 1581 tam

65 1598 307 1644 favorabile
349 1599 453 1656 fuit,
505 1614 606 1644 cum
643 1600 840 1643 dicturus
879 1598 1110 1643 videretur.
1174 1597 1289 1643 Sunt
1319 1602 1468 1642 tamen
1495 1607 1540 1640 19

65 1662 117 1704 ut
152 1660 200 1704 in
244 1663 399 1704 senatu
439 1661 502 1704 ita
539 1661 586 1704 in
624 1661 802 1704 civitate
839 1660 886 1703 in
918 1660 1025 1704 duas
1058 1663 1203 1717 partes
1234 1660 1467 1704 hominum

3 1733 40 1762 ιε
62 1721 229 1766 iudicia
253 1721 404 1766 divisa.
442 1721 579 1776 Nam,
605 1722 765 1777 quibus
786 1722 1004 1765 sententia
1029 1719 1261 1779 Caepionis
1287 1722 1466 1778 placuit,

64 1783 328 1826 sententiam
368 1781 506 1827 Macri
538 1786 588 1825 ut
625 1782 813 1839 rigidam
847 1782 1088 1839 duramque
1119 1782 1465 1839 reprehendunt3

65 1842 227 1899 quibus
263 1842 420 1898 Macri,
484 1844 605 1886 illam
644 1844 826 1887 alteram
863 1843 1123 1887 dissolutam
1161 1847 1293 1900 atque
1331 1844 1464 1887 etiam

63 1903 427 1973 incongruentem
469 1907 647 1960 vocant,
695 1907 860 1963 negant
903 1906 1020 1948 enim
1071 1920 1318 1963 congruens
1370 1919 1464 1948 esse

63 1965 252 2009 retinere
290 1965 337 2009 in
370 1969 541 2022 senatu,
579 1966 650 2010 cui
682 1965 847 2010 iudices
880 1966 1061 2010 dederis.
1126 1965 1227 2009 Fuit
1260 1969 1303 2009 et
1335 1966 1464 2009 tertia

0 2038 40 2067 so
63 2025 289 2071 sententia.
363 2025 565 2070 Valerius
611 2025 821 2071 Paulinus
871 2027 1080 2071 adsensus
1126 2026 1337 2083 Caepioni
1378 2027 1462 2070 hoc
1489 2035 1536 2068 20

62 2087 254 2145 amplius
274 2088 444 2131 censuit
461 2087 736 2132 referendum
762 2088 815 2132 de
841 2087 1126 2145 Theophane,
1153 2103 1253 2132 cum
1279 2088 1461 2146 legatio-

533 138 888 176 EPISTULARUM
912 139 967 176 IV
988 143 1021 177 9.
1415 141 1474 186 95

160 2222 184 2255 8
221 2221 335 2256 nocte
368 2224 456 2266 post
493 2220 610 2255 etiam
650 2221 736 2257 add.
779 2222 830 2258 M
843 2221 923 2257 VD
940 2229 973 2264 ς,
1018 2221 1113 2265 edd„
1150 2232 1220 2256 om.
1260 2220 1456 2267 ΠΕΡι-α.

62 2271 85 2304 9
107 2272 193 2315 post
212 2267 330 2305 Basso
350 2269 438 2305 add.
460 2268 585 2305 Titius
607 2269 750 2314 MVs,
779 2270 829 2306 K.
852 2271 885 2314 Ι,
913 2270 1046 2306 Muell.
1151 2274 1194 2305 13
1216 2274 1304 2315 post
1329 2269 1457 2315 inquis

61 2316 150 2354 add.
176 2318 221 2354 ut
252 2319 363 2363 uterq
366 2329 413 2353 ue
446 2319 548 2354 recte
577 2318 680 2362 MV,
714 2319 861 2362 Muell„
885 2319 968 2355 secl.
998 2319 1047 2354 K.
1070 2318 1128 2360 11,
1157 2330 1227 2354 om.
1255 2318 1375 2364 RFp
1384 2330 1458 2362 ra,

62 2365 283 2403 Κ.1.ιιι
297 2377 383 2402 cum
399 2370 479 2402 tam
494 2366 646 2403 diversa
660 2368 879 2404 censuerint
900 2371 1124 2413 (censuerun
1102 2369 1223 2402 utre*
1241 2366 1356 2413 RFp
1363 2376 1456 2410 νας,

62 2413 467 2502 2Κο.11,οιιι.1ῧίιῖὒ,
497 2416 612 2460 K.;I
636 2416 995 2463 cf..28tanql1›67
1019 2428 1084 2462 ε9.,
1106 2416 1375 2462 K.disp.1p.
1400 2419 1454 2451 15.

135 2473 172 2500 οι
197 2474 257 2501 om
