1630 2678
553 120 910 158 EPISTULARUM
935 120 989 156 111
1016 123 1122 157 7—9.
1465 120 1524 165 69

124 235 253 292 cello,
276 233 521 280 clarissimo
547 233 658 288 viro,
682 234 919 290 impetravi
943 233 1040 289 tibi,
1065 233 1112 276 in
1132 230 1421 276 Caesennium
1443 230 1525 275 Sil-

122 308 301 352 vanum,
315 294 620 353 ,propinquum
638 297 778 351 tuum,
798 295 1072 338 transferam.
1103 293 1216 337 Mihi
1241 296 1387 337 autem
1410 293 1524 337 sicut
1550 303 1571 335 2

123 356 490 403 iucundissimum
515 356 662 414 ipsum
682 359 727 400 te
745 356 973 400 tribunum
993 355 1056 399 ita
1074 370 1165 398 non
1184 354 1328 398 minus
1349 357 1524 412 gratum

124 418 264 463 alium
282 433 362 476 per
379 421 424 462 te
443 418 602 462 videre.
622 417 779 474 Neque
805 418 922 461 0111111
942 431 1036 462 esse
1056 430 1303 474 congruens
1323 416 1525 471 arbitror,

81 496 101 526 ο
126 494 258 538 quem
291 494 452 538 augere
470 479 714 523 honoribus
735 479 900 535 cupias,
931 478 1036 522 huic
1054 478 1233 534 pietatis
1253 477 1396 521 titulis
1416 477 1525 520 invi-

124 541 240 599 dere,
253 541 331 598 qui
344 542 449 585 sunt
461 540 666 584 omnibus
673 539 918 583 honoribus
926 540 1214 597 pulchriores.
1225 538 1364 582 Video
1379 539 1526 594 etiam,
1554 549 1574 581 3

125 617 228 648 cum
259 602 319 646 sit
342 602 570 661 egregium
596 604 641 645 et
666 601 823 644 mereri
849 601 1064 644 beneficia
1090 604 1134 644 et
1154 600 1269 656 dare,
1293 604 1526 656 utramque

123 666 172 708 te
188 663 366 708 laudem
386 663 519 707 simul
538 662 863 719 adsecuturum,
882 662 933 718 si,
959 662 1078 718 quod
1098 662 1192 718 ipse
1213 661 1426 718 meruisti,
1450 661 1527 704 alii

125 724 309 770 tribuas.
341 723 573 769 Praeterea
591 724 802 782 intellego
823 723 933 766 mihi
960 738 1137 780 quoque
1158 723 1326 781 gloriae
1349 722 1456 778 fore,
1489 723 1527 766 si

66 802 103 830 1ο
127 801 183 831 ex
206 786 294 831 hoc
317 788 397 830 tuo
421 786 539 830 facto
571 800 663 830 non
694 785 828 829 fuerit
859 785 1063 843 ignotum
1097 785 1262 828 amicos
1283 799 1404 828 meos
1436 798 1527 827 non

127 862 278 906 gerere
295 849 470 892 tantum
487 846 737 891 tribunatus
749 861 893 903 posse,
910 861 1063 890 verum
1084 847 1215 889 etiam
1237 846 1351 889 dare.
1384 844 1527 896 Quare
1552 855 1575 889 4

126 923 215 1015 :gg
230 923 334 954 vero
347 907 684 978 honestissimae
695 907 916 1012 volunilzassi
934 911 1036 951 tuae
1056 923 1202 1012 par-30.
1232 906 1401 1011 Neqllrt}J
1410 906 1526 950 enim

127 982 1528 1086 0„53b303²53213¹1313¹35553333u2m5&fideifflssfftiugisssssss

66 1107 103 1137 ιο
125 1094 304 1151 gratum
336 1107 431 1136 esse
462 1107 622 1137 munus
655 1095 780 1136 tuum
790 1126 801 1148 ,
835 1106 967 1148 quam
999 1092 1081 1135 tibi
1114 1107 1260 1135 meum
1294 1094 1370 1134 est.
1404 1090 1527 1134 Vale.

787 1219 858 1258 lx.
926 1187 1101 1258 Karza,
1156 1225 1216 1252 υς.
1243 1193 1434 1249 fmjm
1469 1201 1630 1252 (4⁵5,ss

313 1305 356 1341 C.
376 1305 578 1339 PLINIUS
606 1305 859 1339 CORNELIO
886 1305 1153 1338 MINICIANO
1182 1305 1276 1337 su)
1305 1305 1343 1337 S.

237 1385 424 1431 Possum
457 1387 545 1430 iam
576 1386 846 1443 perscribere
878 1386 979 1441 tibi,
1019 1388 1233 1442 quantum
1272 1385 1318 1428 in
1349 1384 1528 1442 publica
1556 1395 1574 1426 1

127 1447 383 1506 provinciae
401 1447 608 1491 Baeticae
628 1462 760 1492 causa
777 1447 944 1490 laboris
966 1446 1254 1490 exhauserim.
1292 1445 1409 1489 Nam
1442 1445 1528 1489 fuit

66 1524 104 1552 ιο
127 1509 364 1568 multiplex
405 1511 590 1566 actaque
634 1512 702 1553 est
746 1509 919 1565 saepius
964 1523 1064 1552 011111
1103 1523 1264 1565 magna
1303 1508 1526 1551 varietate.

126 1569 257 1616 Unde
288 1571 494 1627 varietas,
532 1570 649 1614 unde
688 1570 836 1627 plures
870 1568 1097 1612 actiones?
1161 1568 1377 1612 Caecilius
1410 1567 1526 1612 Clas·
1553 1579 1574 1610 2

127 1631 264 1689 sicus,
294 1630 428 1676 homo
461 1631 616 1676 foedus
649 1635 693 1675 et
725 1633 873 1686 aperte
900 1631 1059 1686 malus,
1091 1630 1454 1687 proconsulatum
1480 1629 1527 1672 in
1593 1676 1595 1678 ,

127 1708 180 1738 ea
217 1708 309 1738 non
347 1693 493 1736 minus
526 1693 742 1736 violenter
775 1707 907 1748 quani
940 1691 1112 1736 sordide
1145 1694 1340 1750 gesserat
1373 1691 1525 1734 eodem

127 1768 244 1799 anno
277 1768 365 1811 quo
403 1753 451 1797 in
483 1753 634 1797 Africa
665 1752 829 1796 Marius
861 1752 1048 1797 Priscus.
1110 1753 1220 1796 Erat
1257 1754 1403 1796 autem
1435 1751 1527 1795 Pri·
1554 1761 1575 1794 3

67 1828 104 1858 ιο
129 1829 230 1860 scus
261 1829 316 1858 ex
341 1814 540 1871 Baetica,
571 1830 625 1858 ex
651 1813 802 1857 Africa
828 1812 1056 1859 Classicus.
1095 1813 1202 1858 Inde
1226 1814 1393 1857 dictum
1419 1813 1526 1856 Bae-

130 1875 341 1932 ticorum,
371 1878 421 1918 ut
453 1876 712 1932 plerumque
738 1875 866 1919 dolor
884 1876 1015 1919 etiam
1043 1878 1252 1919 venustos
1285 1875 1408 1929 facit,
1435 1889 1526 1917 non

130 1936 376 1994 inlepidum
407 1935 648 1980 ferebatur:
681 1936 808 1980 ‘Dedi
840 1938 1005 1981 malum
1038 1940 1081 1980 et
1113 1936 1289 1993 accepi’
1329 1935 1414 1978 Sed
1434 1934 1524 1978 Ma·
1551 1946 1572 1977 4

129 1997 244 2042 rium
270 2012 359 2041 una
384 1997 538 2041 civitas
569 1998 746 2056 publice
772 1998 988 2055 multique
1007 1999 1170 2055 privati
1200 2012 1323 2040 reum
1350 2011 1525 2054 perege-

129 2061 251 2115 runt,
290 2058 337 2102 in
369 2056 610 2103 Classicum
641 2062 737 2104 tota
767 2059 996 2117 provincia
1026 2059 1239 2103 incubuit.
1289 2057 1369 2101 Ille
1401 2072 1526 2101 accu·
1552 2067 1574 2100 5

67 2134 105 2163 ⁸0
128 2120 345 2164 sationem
388 2121 456 2163 vel
496 2121 680 2164 fortuita
716 2122 785 2164 vel
818 2121 1068 2165 voluntaria
1105 2122 1244 2164 morte
1277 2119 1524 2175 praevertit.

128 2180 246 2226 Nam
278 2181 365 2225 fuit
396 2196 513 2225 mors
546 2182 639 2225 eius
665 2182 860 2239 infamis,
891 2182 1098 2240 ambigua
1129 2186 1294 2224 tamen:
1327 2183 1377 2223 ut
1409 2179 1526 2223 enim

130 2242 338 2287 credibile
370 2243 600 2287 videbatur
624 2244 815 2287 voluisse
842 2244 959 2287 exire
992 2243 1045 2287 de
1077 2243 1187 2298 vita,
1219 2256 1319 2285 cum
1351 2240 1525 2284 defendi

230 2354 252 2387 2
278 2350 380 2390 sieut
411 2352 469 2388 est
501 2350 656 2387 iucund.
678 2351 788 2398 Dpr.
939 2355 960 2386 5
988 2350 1196 2387 honoribus
1223 2360 1292 2385 om.
1321 2350 1371 2386 M
1383 2349 1449 2386 Vr.
1479 2369 1524 2375 -—

131 2398 258 2437 titulis
292 2411 433 2445 omnes,
468 2412 501 2436 v.
532 2400 584 2436 ad
613 2400 664 2436 ΙΙ
687 2403 749 2444 20,
778 2406 815 2437 8.
966 2404 1008 2435 31
1046 2411 1134 2435 uam
1166 2398 1284 2442 codd„
1317 2398 1413 2442 edd,
1448 2409 1525 2434 non

132 2447 401 2494 Sdoetmaller,
429 2449 488 2485 De
509 2449 548 2486 G.
565 2449 673 2485 Plini
691 2448 799 2486 libris
816 2450 1083 2496 ρναηιηιαιίοτέ,
1110 2448 1236 2485 Berol.
1254 2449 1360 2491 1858,
1388 2447 1475 2484 thes.
1489 2450 1523 2482 3.
