1716 2742
18 811 56 839 1⁰

18 1123 56 1152 15

21 1842 58 1870 25

22 2193 59 2220 30

551 119 917 158 EPISTULARUM
944 124 1053 157 2—52
1424 123 1514 168 267

82 235 240 280 amicis
272 235 484 295 obligari3
516 235 634 280 inter
666 250 780 293 quos
814 235 901 280 sibi
933 236 1007 279 vel
1039 236 1331 293 praecipuum
1365 236 1517 280 locum

82 296 284 343 vindicat
313 297 546 343 Voconius
578 298 831 355 Romanus,
870 298 924 341 ab
961 298 1145 342 ineunte
1185 301 1330 342 aetate
1366 299 1517 343 condi-

82 360 283 419 scipulus
316 363 363 405 et
394 361 727 406 contubernalis
761 376 897 404 meus.
975 360 1147 413 Quibus
1187 377 1243 405 ex
1284 362 1430 406 causis
1473 364 1518 405 et

82 439 109 467 a
141 423 247 468 divo
278 425 407 481 patre
445 426 526 468 tuo
565 424 801 482 petieram,
840 426 893 467 ut
930 423 1061 467 illum
1099 424 1148 467 in
1186 423 1515 482 amplissimum

82 485 286 530 ordinem
318 489 617 544 promoveret.
684 485 771 530 Sed
810 487 899 530 hoc
938 489 1094 530 votum
1136 502 1285 530 meum
1323 486 1518 530 bonitati

81 550 186 592 tuae
217 551 493 593 reservatum
528 551 614 606 est,
648 549 754 606 quia
787 551 930 593 mater
968 547 1163 593 Romani
1201 550 1517 593 liberalitatem

82 611 278 656 sestertii
316 611 635 671 quadragiens,
674 612 795 669 quod
834 611 1037 656 conferre
1071 627 1117 655 se
1159 611 1254 656 filio
1298 612 1517 656 codicillis

82 673 139 718 ad
170 675 346 732 patrem
378 677 508 718 tuum
536 675 715 732 scriptis
754 674 957 732 professa
988 674 1154 731 fuerat,
1179 675 1381 718 nondum
1409 675 1517 719 satis

80 736 284 795 legitime
315 739 568 796 peregerat3
595 737 716 794 quod
742 739 900 794 postea
924 736 1033 781 fecit
1059 737 1289 781 admonita
1316 754 1342 781 a
1374 737 1518 781 nobis.

82 798 202 844 Nam
235 802 281 844 et
312 799 476 844 fundos
510 800 811 858 emancipavit
843 803 889 844 et
927 802 1093 857 cetera,
1133 815 1247 857 quae
1280 800 1328 843 in
1370 816 1518 844 eman-

82 861 309 920 cipatione
334 862 565 920 implenda
591 863 738 908 solent
764 863 904 921 exigi,
925 862 1266 907 consummavit.
1320 861 1432 906 Cum
1460 862 1519 906 sit

82 939 191 984 ergo
223 925 423 983 finitum,
458 926 580 984 quod
613 941 713 983 spes
755 930 933 970 nostras
976 925 1256 982 morabatur,
1294 941 1387 969 non
1423 925 1518 969 sine

82 1002 247 1047 magna
283 987 451 1032 fiducia
494 988 711 1048 subsigno
754 988 873 1046 apud
919 991 964 1032 te
1010 988 1145 1032 fidem
1191 1004 1274 1046 pro
1318 988 1518 1032 moribus

82 1049 279 1095 Romani
303 1050 412 1108 mei,
440 1066 554 1108 quos
581 1054 626 1095 et
651 1051 855 1095 liberalia
882 1051 1031 1095 studia
1051 1054 1271 1094 exornant
1291 1054 1336 1094 et
1356 1051 1520 1095 eximia

81 1112 248 1171 pietas,
274 1128 364 1171 qua
389 1115 435 1157 et
459 1114 614 1158 hanc
602 1130 748 1171 1psam
775 1114 932 1158 matris
958 1114 1274 1158 liberalitatem
1295 1117 1339 1157 et
1366 1113 1519 1158 statim

81 1176 224 1234 patris
270 1175 566 1220 hereditatem
618 1180 663 1221 et
715 1177 1006 1235 adoptionem
1058 1192 1084 1220 a
1129 1176 1288 1220 vitrico
1342 1177 1518 1220 meruit.

82 1237 234 1298 Auget
283 1238 396 1283 haec
447 1241 492 1283 et
542 1239 762 1284 natalium
814 1242 859 1283 et
910 1242 1199 1297 paternarum
1250 1240 1519 1283 facultatum

82 1300 316 1359 splendor;
349 1302 513 1360 quibus
547 1302 739 1362 singulis
773 1303 967 1346 multum
1007 1302 1409 1346 commendationis
1449 1316 1519 1346 ac-

83 1378 314 1408 cessurum
361 1364 497 1408 etiam
543 1374 621 1409 ex·
644 1366 755 1409 meis
801 1365 1009 1423 precibus
1056 1364 1363 1423 indulgentiae
1414 1367 1519 1408 tuae

83 1427 228 1471 credo.
291 1426 425 1486 Rogo
459 1443 588 1486 ergo,
614 1428 812 1483 domine,
839 1431 890 1471 ut
917 1444 988 1471 me
1016 1427 1382 1484 exoptatissimae
1408 1427 1520 1470 mihi

84 1489 400 1548 gratulationis
447 1493 703 1548 compotem
746 1491 884 1535 facias
928 1493 973 1534 et
1017 1489 1238 1547 honestis,
1281 1493 1333 1533 ut
1374 1504 1520 1547 spero,

83 1552 334 1597 adfectibus
366 1553 479 1597 meis
512 1556 730 1610 praestes,
764 1557 815 1597 ut
839 1568 933 1596 non
966 1553 1014 1596 in
1040 1568 1112 1596 me
1138 1555 1334 1609 tantum,
1362 1568 1518 1596 verum

84 1618 130 1659 et
161 1615 210 1659 in
242 1615 387 1660 amico
421 1616 607 1674 gloriari
640 1616 818 1660 iudiciis
851 1616 942 1659 tuis
976 1615 1159 1673 possim.

701 1757 750 1797 v.
785 1753 897 1811 [IV]

362 1847 406 1882 C.
426 1847 633 1880 PLINIUS
662 1846 886 1880 TRAIANO
915 1846 1248 1880 IMPERATORI.

178 1928 391 1974 Proximo
432 1944 569 1986 anno,
610 1929 807 1985 domine,
847 1929 1115 1987 gravissima
1151 1928 1408 1972 valetudine
1449 1944 1519 1971 us-

86 2007 173 2049 que
206 1991 262 2036 ad
295 1992 547 2049 periculum
586 1992 706 2035 vitae
744 1996 932 2036 vexatus
972 1992 1232 2049 iatralipten
1271 1991 1519 2048 adsumpsi3

85 2055 213 2099 cuius
247 2054 542 2099 sollicitudini
579 2056 624 2098 et
663 2054 812 2098 studio
852 2057 955 2098 tuae
994 2056 1172 2098 tantum
1212 2054 1519 2112 indulgentiae

85 2117 305 2162 beneficio
338 2117 503 2161 referre
536 2116 726 2174 gratiam
766 2132 918 2174 parem
957 2132 1154 2175 possum.
1221 2115 1367 2168 Quare
1406 2131 1518 2174 rogo

85 2180 162 2224 des
196 2179 237 2224 ei
269 2180 497 2224 civitatem
532 2178 792 2223 Romanam.
857 2179 943 2224 Est
974 2180 1094 2223 enim
1127 2179 1389 2238 peregrinae
1417 2193 1520 2222 con-

86 2242 275 2287 dicionis
309 2242 611 2286 manumissus
651 2257 676 2285 a
715 2243 963 2300 peregrina.
1028 2241 1230 2286 Vocatur
1269 2242 1365 2298 ipse
1407 2240 1519 2284 Har-

86 2320 264 2389 pocras,
291 2308 528 2363 patronam
554 2304 714 2348 habuit
739 2304 1039 2349 Thermuthin
1059 2304 1270 2361 Theonis,
1297 2318 1409 2360 quae
1431 2303 1519 2347 iam

189 2455 209 2488 ‘1
248 2452 511 2499 quadragiens
547 2453 599 2497 B,
635 2452 835 2498 Budaeus,
874 2452 1017 2497 Hard„
1054 2451 1380 2499 quadringenties
1415 2452 1517 2500 vulg]

89 2506 136 2539 15
160 2502 274 2549 μήνιε
299 2503 340 2539 et
365 2514 435 2540 om.
464 2515 501 2548 a,
530 2502 582 2539 K.
598 2503 633 2548 I,
661 2502 789 2539 Hard.

1545 812 1567 844 ω
