1716 2742
528 152 892 190 EPISTULARUM
919 158 940 191 7
944 158 1077 191 2—7‘1.
1421 158 1513 204 299

583 271 747 313 LXXV.
783 269 1006 326 [LXXIX]

357 361 401 397 C.
421 361 627 398 PLINIUS
655 361 880 397 TRAIANO
908 363 1242 399 IMPERATORI.

175 443 340 503 Iulius,
372 445 570 503 domine,
603 444 776 505 Largus
799 461 855 490 ex
867 445 1015 490 Ponto
1035 447 1236 491 nondum
1258 446 1371 491 mihi
1391 448 1514 492 visus
1543 459 1563 492 1

83 523 137 553 ac
179 523 237 553 ne
283 508 463 553 auditus
510 481 691 567 quidem
735 508 927 567 (scilicet
971 509 1138 554 iudicio
1178 513 1258 554 tuo
1305 509 1513 570 credidit)

38 586 59 615 5
83 570 465 630 dispensationem
511 571 735 630 quandam
780 571 892 616 mihi
938 587 1045 631 erga
1088 575 1132 616 te
1183 573 1364 630 pietatis
1410 589 1515 618 suae

18 902 56 930 10

19 1279 55 1309 15

18 2022 56 2051 85

82 633 471 693 ministeriumque
490 635 733 678 mandavit.
786 633 984 694 Rogavit
1003 635 1123 679 enim
1144 638 1435 695 testamento,
1463 639 1515 681 ut
1541 648 1563 681 2

80 697 377 742 hereditatem
410 712 538 742 suam
571 697 741 742 adirem
774 713 1090 755 cerneremque
1117 713 1168 743 ac
1196 699 1356 744 deinde
1389 715 1515 758 prae-

82 760 225 819 ceptis
258 761 589 820 quinquaginta
620 759 804 804 milibus
842 776 1079 805 nummum
1116 762 1342 819 reliquum
1383 778 1514 807 omne

81 822 452 868 Heracleotarum
495 826 540 868 et
578 823 826 868 Tianorum
866 823 1124 868 civitatibus
1164 825 1412 884 redderem,
1451 826 1516 870 ita

81 888 134 931 ut
153 889 271 932 esset
289 886 465 931 arbitrii
485 887 595 945 mei,
628 889 781 931 utrum
803 902 939 945 opera
957 887 1184 944 facienda,
1218 902 1332 945 quae
1351 888 1516 933 honori

81 951 163 994 tuo
196 952 583 1005 consecrarentur,
616 952 823 1008 putarem
856 966 914 994 an
939 950 1240 995 instituendos
1268 952 1516 1009 quinquen-

81 1013 208 1057 nales
234 1027 422 1072 agonas,
455 1013 534 1071 qui
554 1012 736 1057 Traiani
763 1014 1109 1071 appellarentur.
1170 1012 1299 1066 Quod
1325 1014 1374 1058 in
1399 1015 1517 1059 noti-

82 1075 194 1120 tiam
225 1077 351 1120 tuam
381 1075 697 1134 perferendum
731 1076 985 1120 existimavi
1018 1076 1075 1121 ob
1105 1077 1193 1121 hoc
1219 1078 1432 1135 maxime,
1464 1080 1517 1122 ut

83 1138 343 1198 dispiceres,
377 1139 487 1197 quid
519 1139 685 1199 eligere
718 1138 914 1184 debeam.

583 1267 770 1308 LXXVI.
812 1266 1012 1322 [LXXX]

566 1358 820 1393 TRAIANUS
847 1359 1038 1394 PLINIO.

174 1439 319 1486 Iulius
350 1440 525 1501 Largus
567 1441 703 1485 fidem
744 1444 891 1499 tuam,
937 1442 1066 1500 quasi
1107 1444 1152 1487 te
1195 1443 1307 1487 bene
1349 1445 1516 1499 nosset,

83 1503 230 1564 elegit.
297 1502 415 1557 Quid
458 1519 565 1564 ergo
608 1503 897 1562 potissimum
941 1505 997 1549 ad
1039 1507 1387 1563 perpetuitatem
1426 1522 1516 1550 me-

82 1566 252 1612 moriae
291 1566 394 1611 eius-
418 1567 577 1622 faciat,
616 1567 864 1611 secundum
904 1568 1121 1626 cuiusque
1160 1569 1250 1613 loci
1291 1568 1517 1614 condicio-

80 1645 186 1675 nem
224 1629 322 1688 ipse
361 1629 530 1688 dispice
564 1632 626 1687 et,
670 1630 792 1688 quod
826 1630 1051 1688 optimum
1085 1631 1431 1689 existimaveris,
1470 1631 1517 1676 id

80 1707 279 1751 sequere.

563 1771 772 1813 LXXVH.
807 1770 1031 1827 [LXXXI]

361 1861 405 1896 C.
426 1861 634 1896 PLINIUS
663 1861 888 1897 TRAIANO
915 1862 1250 1898 IMPERATORI.

175 1942 596 2002 Providentissime,
640 1944 840 2003 domine,
880 1945 1048 2000 fecisti,
1092 1945 1213 2004 quod
1246 1945 1516 2004 praecepisti
1544 1957 1562 1989 1

83 2005 327 2064 Calpurnio
361 2005 535 2065 Macro,
567 2007 817 2052 clarissimo
850 2009 968 2066 viro,
1001 2011 1053 2052 ut
1084 2008 1383 2068 legionarium
1416 2023 1517 2053 cen-

81 2069 308 2115 turionem
334 2068 606 2128 Byzantium
632 2070 844 2116 mitteret.
897 2071 1101 2129 Dispice,
1134 2088 1191 2115 an
1218 2071 1353 2115 etiam
1380 2069 1515 2116 Iulio·
1542 2082 1565 2115 2

82 2132 299 2191 politanis
345 2133 485 2178 simili
529 2133 704 2178 ratione
751 2134 1077 2179 consulendum
1124 2137 1273 2192 putes,
1322 2149 1515 2192 quorum

83 2196 263 2253 civitas,
315 2210 418 2241 cum
470 2196 530 2240 sit
581 2196 845 2256 perexigua,
897 2213 1034 2242 onera
1083 2197 1278 2241 maxima
1324 2197 1516 2242 sustinet

82 2260 300 2318 tantoque
334 2259 563 2318 graviores
602 2259 807 2318 iniurias,
851 2263 1020 2318 quanto
1062 2263 1130 2304 est
1161 2259 1400 2318 infirmior,
1439 2275 1516 2318 pa-

82 2321 206 2367 titur.
282 2320 511 2379 Quidquid
553 2325 703 2367 autem
746 2321 1083 2382 Iuliopolitanis
1126 2323 1423 2381 praestiteris,
1469 2323 1516 2367 id
1543 2334 1565 2367 3

182 2461 208 2494 4
240 2458 367 2496 credit
393 2459 481 2495 Aa.
615 2463 636 2495 ’1
669 2458 868 2506 perceptis
895 2460 982 2497 Aa
1118 2462 1164 2495 12
1201 2457 1453 2506 appellentur
1477 2471 1515 2505 a,

84 2509 266 2546 Beroald.
378 2508 449 2546 19*
468 2509 581 2546 veli-m
600 2509 737 2554 facias,
759 2510 808 2555 ef.
830 2521 863 2546 v.
883 2511 935 2547 20
955 2513 990 2546 et
1007 2520 1128 2556 supra
1147 2521 1182 2545 v.
1205 2513 1264 2547 10.
1371 2512 1419 2546 20
1446 2521 1496 2557 op

83 2558 226 2596 timum
246 2559 339 2604 Ba,
367 2558 619 2606 potissimum
640 2559 704 2605 A„
726 2539 794 2605 K,
814 2559 954 2596 Muell.
1058 2562 1106 2595 29
1128 2559 1189 2596 est
1208 2559 1300 2605 Ba,
1328 2560 1368 2596 et
1387 2560 1438 2606 A,
1460 2559 1513 2597 K.
