1716 2742
424 110 786 163 PMOEG‘YRIGUS
816 129 874 171 19,
889 136 905 163 ε
922 148 966 153 -
983 129 1042 171 22,
1057 135 1085 162 2.
1376 126 1467 171 337

38 257 240 302 pensum.
304 239 555 286 Adsuescat
586 241 831 299 imperator
863 256 965 286 cum
1011 240 1199 299 imperio
1245 240 1467 285 calculum

39 320 224 364 ponci-133
257 304 322 350 sic
354 307 501 361 exeat,
534 304 599 349 sic
630 304 782 348 redeat
814 306 1045 362 tamquam
1071 304 1293 348 rationem
1325 302 1469 347 reddi-

37 370 187 426 turus3
217 367 382 424 edicat,
415 367 524 424 quid
551 368 862 425 absumpserit.
920 366 990 411 Ita
1016 367 1112 422 fiet,
1145 369 1196 410 ut
1221 381 1315 410 non
1341 366 1470 411 absu-
1497 377 1518 411 6

37 433 150 488 mat,
212 429 304 475 uod
335 429 503 488 pudeat
535 430 719 474 edicere.
785 430 1020 474 Praeterea
1053 429 1194 473 futuri
1226 429 1468 487 principes,

0 500 13 535 ἐ
38 493 180 538 velint
196 492 356 550 nolint,
377 493 540 537 sciant:
554 493 670 536 tanti
691 494 770 537 iter
783 495 913 537 tuum
930 495 1119 550 constat,
1133 492 1471 550 propositisque

38 555 215 601 duobus
254 555 470 613 exemplis
514 556 800 599 meminerint
841 555 1025 613 perinde
1069 556 1373 600 coniecturam
1415 555 1470 599 de

38 618 240 664 moribus
260 618 352 663 suis
372 617 578 662 homines
599 633 694 662 esse
714 618 932 675 facturos,
964 621 1100 676 prout
1132 619 1220 663 hoc
1252 618 1325 663 vel
1357 617 1470 662 illud

38 682 108 727 ele
139 681 266 726 erint.

108 697 289 789 gNonne
320 743 392 788 his
424 745 495 788 tot
527 743 754 801 tantisque
795 743 966 787 meritis
999 758 1141 788 novos
1183 743 1358 800 aliquos
1391 743 1470 788 ho·
1484 741 1542 789 21

0 820 12 851 1
36 822 190 866 norae,
218 821 363 852 novos
396 807 555 850 titulos
589 806 846 850 merebare‘?
878 806 941 850 At
972 809 1023 850 tu
1056 806 1192 850 etiam
1219 807 1360 864 patris
1394 822 1469 864 pa-

35 870 149 915 triae
180 868 429 915 recusabas.
489 868 633 922 Quam
666 869 806 928 longa
837 869 967 913 nobis
1002 884 1105 913 cum
1138 869 1359 914 modestia
1391 872 1471 913 tua

35 948 208 1005 pugna,
251 948 387 991 quam
418 932 545 976 tarde
577 932 791 977 vicimus!
846 931 1026 976 Nomen
1060 931 1192 989 fflud,
1238 932 1358 989 quod
1392 932 1469 976 alii
1496 943 1518 976 2

35 996 183 1055 primo
211 996 363 1041 statim
390 995 671 1054 principatus
703 994 774 1038 die
803 997 855 1038 ut
883 995 1167 1053 imperatoris
1196 998 1241 1039 et
1268 993 1468 1039 Caesaris

34 1061 318 1117 receperunt,
361 1061 413 1103 tu
451 1073 595 1116 usque
635 1073 687 1102 eo
728 1057 964 1128 distulisti,
1006 1057 1148 1102 donec
1187 1061 1237 1102 tu
1278 1073 1469 1115 quoque,
1532 1054 1535 1056 ’

0 1122 358 1167 §beneficiorum
402 1124 585 1166 tuorum
631 1120 919 1179 parcissimus
966 1121 1243 1177 aestimator,
1290 1122 1378 1164 iam
1425 1123 1470 1165 tc

35 1186 197 1230 mereri
228 1183 445 1229 fatereris.
508 1183 667 1242 Itaque
701 1183 787 1228 soli
821 1183 1023 1227 omnium
1056 1184 1250 1242 contigit
1282 1183 1383 1240 tibi,
1417 1186 1469 1227 ut
1495 1195 1517 1228 3

34 1250 172 1320 pater·
201 1247 374 1306 patriae
412 1262 551 1304 esses,
594 1249 696 1291 ante
731 1262 865 1304 quam
907 1247 1049 1290 fieres.
1113 1246 1226 1291 Eras
1267 1247 1386 1290 enim
1420 1246 1468 1290 in

36 1310 217 1368 animis,
237 1311 286 1355 in
305 1310 483 1355 iudiciis
503 1310 690 1367 nostris,
709 1324 792 1354 nec
812 1309 1021 1367 publicae
1042 1310 1223 1367 pietatis
1244 1309 1468 1366 intererat,

36 1374 145 1432 quid
183 1388 410 1431 vocarere,
452 1373 541 1417 nisi
575 1372 696 1431 quod
729 1373 906 1431 ingrata
939 1372 1024 1416 sibi
1056 1372 1311 1429 videbatur,
1354 1373 1392 1416 si
1424 1375 1470 1416 te

0 1437 353 1495 »imperatorem
383 1436 538 1494 potius
577 1438 758 1480 vocaret
791 1438 836 1479 et
869 1434 1120 1492 Caesarem,
1160 1450 1262 1479 cum
1295 1437 1469 1493 patrem

34 1499 322 1558 experiretur.
375 1499 506 1553 Quod
534 1499 716 1556 quidem
742 1513 907 1542 nomen
934 1514 1023 1555 qua
1049 1498 1347 1557 benignitate,
1381 1514 1470 1555 qua
1496 1510 1519 1542 4

34 1562 318 1622 indulgentia
337 1563 535 1607 exerces!
552 1565 604 1606 ut
622 1577 724 1606 cum
743 1561 916 1606 civibus
938 1561 1028 1605 tuis
1048 1561 1177 1619 quasi
1196 1576 1298 1605 cum
1314 1560 1469 1605 liberis

33 1640 196 1684 parens
215 1624 352 1670 vivis!
377 1628 430 1670 ut
450 1640 653 1670 reversus
677 1624 933 1682 imperator,
956 1624 1035 1682 qui
1055 1624 1258 1681 privatus
1280 1623 1466 1680 exieras,

34 1688 264 1748 agnoscis,
296 1689 570 1748 agnosceris!
635 1687 832 1732 Eosdem
871 1702 974 1744 nOS,
1014 1687 1205 1731 eundem
1245 1689 1289 1731 te
1322 1689 1469 1744 putas,

0 1764 9 1794 5
33 1766 117 1809 par
142 1751 353 1796 omnibus
381 1754 426 1796 et
450 1751 539 1796 hoc
565 1753 741 1795 tantum
770 1750 929 1795 ceteris
956 1749 1118 1807 maior,
1146 1749 1267 1807 quod
1295 1749 1465 1794 melior.

126 1813 196 1860 Ac
226 1814 424 1872 primum
466 1814 646 1872 quidem
687 1812 764 1871 qui
805 1813 899 1857 dies
940 1813 1033 1867 ifle,
1079 1827 1168 1870 quo
1209 1815 1468 1870 expectatus
1483 1810 1544 1858 22

34 1876 398 1936 desideratusque
450 1877 608 1921 urbem
660 1879 783 1920 tuam
837 1876 1065 1934 ingressus
1119 1881 1182 1919 es!
1234 1874 1330 1920 Iam
1381 1876 1469 1920 hoc

33 1940 200 1998 ipsum,
253 1941 375 1998 quod
414 1940 643 2000 ingressus
690 1954 755 1996 es,
801 1954 936 1996 quam
982 1939 1146 1982 mirum
1187 1939 1468 1996 laetumque!

32 2002 152 2048 Nam
194 2003 366 2061 priores
408 2003 561 2047 invehi
604 2005 648 2046 et
689 2001 924 2059 importari
967 2001 1191 2059 solebant,
1235 2016 1328 2045 non
1367 2001 1467 2045 dico

0 2065 304 2126 »quadriiugo
348 2081 482 2111 curru
521 2068 566 2110 et
606 2065 859 2109 albentibus
894 2064 1039 2121 equis,
1080 2064 1157 2108 sed
1189 2065 1355 2108 umeris
1388 2064 1467 2108 ho-

33 2129 226 2187 minum,
259 2130 381 2187 quod
415 2128 698 2188 arrogantius
733 2130 838 2171 erat.
905 2126 974 2171 Tu
1008 2127 1105 2171 sola
1131 2127 1332 2185 corporis
1365 2142 1467 2185 pro·
1494 2139 1515 2171 2

134 2269 157 2301 5
193 2264 299 2302 tanfi
334 2266 447 2301 tuum
485 2265 655 2310 (tantum
683 2263 729 2310 0>
768 2264 922 2300 constat
954 2263 1075 2308 codd„
1110 2264 1135 2310 †
1164 2267 1318 2310 ponunt
1352 2263 1405 2299 K.
1432 2267 1468 2300 et

34 2316 187 2362 Maca,
232 2315 309 2352 iter
348 2315 438 2351 add.
474 2314 773 2359 Rittershusius,
817 2313 921 2350 tanti
962 2313 1064 2363 <sua
1103 2313 1248 2349 itinera
1287 2314 1466 2350 constare

34 2364 195 2410 debere,
223 2364 394 2414 quanti>
423 2367 535 2401 tuum
564 2376 594 2400 c.
617 2364 774 2409 Baehr„
800 2363 906 2400 tanti
931 2365 1044 2400 tuum
1073 2363 1331 2412 constit<isse
1358 2363 1465 2411 iter>

34 2416 185 2462 Novak,
212 2417 286 2453 alii
310 2416 405 2460 alia,
432 2415 480 2461 cf.
508 2414 620 2459 infra
646 2426 729 2461 cap.
752 2417 815 2460 65,
844 2418 877 2450 1.
1020 2418 1066 2450 26
1095 2413 1255 2460 quidem
1284 2413 1353 2460 qui
1380 2413 1465 2450 dies

33 2466 236 2512 Schwarz„
274 2466 433 2511 Baehr.,
474 2464 633 2511 quidem
672 2465 731 2501 vel
770 2464 866 2511 quid
904 2465 964 2501 vel
999 2464 1066 2510 qui
1106 2463 1190 2501 dies
1227 2463 1319 2510 (K.)
1355 2464 1463 2501 codd.

34 2519 82 2553 28
109 2515 303 2562 quomodo
331 2516 488 2560 Baehr„
513 2515 580 2552 sed
605 2527 638 2552 v.
660 2515 806 2551 Burkh.
829 2527 871 2562 p.
896 2518 979 2552 170.

109 2591 256 2619 anns
274 2591 397 2619 Mmon
412 2595 469 2618 En.
484 2591 654 2618 KUKULA.
1192 2594 1238 2626 22
