1630 2678
573 139 929 177 EPISTULARUM
952 139 1006 176 111
1032 143 1066 178 9.
1460 142 1517 186 71

121 253 210 298 nisi
237 253 318 298 illo
348 255 537 298 nocente
567 267 659 297 non
689 255 913 309 poterant3
945 268 1000 296 ex
1031 252 1193 309 quibus
1226 251 1336 296 duos
1369 251 1519 295 statim

124 313 356 360 Chasico
343 315 587 371 iunximus,
618 313 834 358 Baebium
859 313 1055 357 Probum
1080 316 1125 358 et
1148 313 1336 357 Fabium
1361 312 1520 370 Hispa-

121 390 252 433 num,
280 378 519 445 utrumque
551 376 713 434 gratia,
743 374 992 431 Hispanum
1019 375 1151 418 etiam
1177 374 1384 419 facundia
1413 374 1520 418 vali-

123 437 241 482 dum.
302 436 365 481 Et
404 437 520 481 circa
552 436 794 481 Classicum
827 436 1003 493 quidem
1037 436 1183 480 brevis
1215 439 1260 480 et
1291 435 1520 493 expeditus
1548 444 1595 477 13

80 512 99 542 ι
121 498 260 543 labor.
318 497 410 542 Sua
439 513 573 542 manu
604 498 843 554 reliquerat
869 498 1102 555 scriptum,
1134 497 1242 554 quid
1267 513 1322 541 ex
1346 512 1521 554 quaque

121 574 193 616 re,
233 559 340 617 quid
381 574 435 603 ex
476 574 651 616 quaque
693 573 824 603 causa
866 560 1127 616 accepisset3
1169 558 1349 602 miserat
1389 559 1522 602 etiam

122 621 336 679 epistulas
377 619 566 665 Romam
610 620 665 663 ad
707 620 941 664 amiculam
980 620 1201 689 quandam
1232 620 1446 664 iactantes
1478 622 1523 664 et

122 682 340 752 gloriosas
371 681 442 726 his
473 681 652 738 quidem
683 681 846 725 verbis:
880 679 944 725 ‘Io
976 681 1040 738 io,
1070 681 1182 725 liber
1212 681 1268 724 ad
1299 684 1343 725 te
1374 680 1523 738 veni03

122 742 212 788 iam
249 743 495 787 sestertium
539 742 800 800 quadragies
832 742 982 801 redegi
1019 745 1144 799 parte
1175 742 1354 786 vendita
1378 741 1523 786 Baeti-

62 819 100 847 ιο
123 803 306 849 corum?
367 802 493 848 Circa
523 803 774 874 Hispanum
813 806 856 848 et
887 803 1083 847 Probum
1115 805 1305 847 multum
1337 803 1522 847 sudoris.
1549 811 1596 844 14

122 865 297 910 Horum
315 867 417 909 ante
443 880 576 922 quam
602 865 786 909 crimina
810 865 1081 924 ingrederer,
1112 865 1407 909 necessarium
1433 879 1523 909 cre-

123 925 216 971 didi
251 926 496 983 elaborare,
532 929 584 970 ut
624 930 847 971 constaret
884 924 1178 970 ministerium
1211 926 1376 970 crimen
1408 940 1523 970 esse:

123 986 244 1045 quod
266 988 355 1032 nisi
378 987 600 1044 fecissem,
623 988 789 1031 frustra
814 988 1039 1031 ministros
1066 988 1333 1045 probassem.
1365 987 1523 1044 Neque
1550 993 1595 1028 15

122 1049 242 1093 enim
260 1049 325 1093 ita
349 1049 717 1105 defendebantur,
750 1052 801 1092 ut
825 1052 1060 1107 negarent,
1092 1049 1168 1092 sed
1194 1051 1245 1092 ut
1270 1049 1524 1093 necessitati

61 1123 100 1153 ιε
121 1110 298 1154 veniam
338 1113 644 1168 precarentur3
685 1126 779 1154 esse
811 1111 928 1154 enim
970 1126 1016 1154 se
1057 1111 1350 1167 provinciales
1391 1112 1437 1154 et
1467 1109 1523 1153 ad

121 1185 252 1215 omne
282 1172 599 1229 proconsulum
629 1172 865 1229 imperium
897 1175 1018 1215 metu
1050 1172 1161 1230 cogi.
1225 1170 1350 1215 Solet
1381 1171 1523 1215 dicere
1551 1177 1597 1211 16

122 1231 332 1277 Claudius
357 1231 623 1290 Restitutus,
654 1234 731 1289 qui
757 1233 867 1276 mihi
893 1233 1140 1290 respondit,
1166 1233 1235 1276 vir
1259 1233 1523 1276 exercitatus

121 1296 168 1338 et
198 1294 389 1352 vigilans
421 1297 466 1338 et
497 1295 739 1351 quamlibet
764 1294 922 1338 subitis
948 1297 1141 1351 paratus,
1170 1309 1413 1350 numquam
1439 1293 1525 1337 sibi

121 1357 297 1399 tantum
325 1355 548 1412 caliginis,
579 1358 753 1399 tantum
778 1355 1123 1413 perturbationis
1149 1356 1357 1411 offusum,
1391 1369 1525 1411 quam

60 1430 99 1459 so
123 1431 223 1461 cum
261 1419 493 1474 praerepta
530 1419 575 1460 et
606 1419 780 1460 extorta
817 1417 1063 1461 defensioni
1096 1431 1199 1460 suae
1233 1419 1445 1473 cerneret,
1476 1416 1525 1459 in

122 1477 283 1535 quibus
310 1492 486 1522 omnem
512 1478 720 1522 fiduciam
751 1479 1005 1535 reponebat.
1058 1476 1242 1521 Consilii
1267 1477 1410 1522 nostri
1436 1477 1523 1521 exi·
1550 1483 1595 1516 1‘1

122 1542 195 1583 tus
226 1538 333 1583 fuit:
365 1539 482 1583 bona
512 1538 708 1594 Classici,
733 1554 845 1596 quae
871 1539 1098 1583 habuisset
1117 1542 1218 1583 ante
1237 1539 1525 1596 provinciam,

122 1600 291 1657 placuit
316 1601 489 1644 senatui
513 1615 540 1643 a
570 1600 752 1657 reliquis
779 1600 990 1658 separari,
1022 1600 1100 1643 illa
1124 1600 1260 1658 filiae,
1291 1601 1399 1644 haec
1425 1613 1524 1657 spo-

121 1660 242 1705 liatis
271 1661 474 1718 relinqui.
516 1660 731 1705 Additum
758 1664 841 1717 est,
874 1665 925 1705 ut
949 1662 1177 1718 pecuniae,
1211 1676 1319 1718 quas
1340 1661 1523 1706 credito-

61 1734 99 1764 πο
123 1722 245 1767 ribus
287 1722 498 1779 solverat,
539 1726 862 1766 revocarentur.
925 1722 1150 1780 Hispanus
1193 1726 1236 1767 et
1275 1722 1445 1766 Probus
1477 1723 1525 1766 in

124 1783 477 1840 quinquennium
518 1784 714 1841 relegati.
778 1782 901 1828 Adeo
941 1799 1073 1842 grave
1106 1784 1249 1828 visum
1282 1787 1368 1840 est,
1405 1784 1523 1840 quod

124 1844 254 1887 initio
279 1843 566 1888 dubitabatur
590 1860 646 1888 an
666 1846 846 1889 omnino
867 1845 1033 1889 crimen
1066 1848 1191 1889 esset.
1231 1845 1340 1889 Post
1359 1859 1523 1902 paucos
1552 1850 1598 1883 18

125 1904 218 1948 dies
239 1903 471 1949 Claudium
497 1904 707 1962 Fuscum,
739 1905 920 1950 Classici
953 1922 1184 1965 generum,
1215 1909 1259 1950 et
1286 1905 1524 1950 Stilonium

125 1964 345 2035 Priscum,
376 1966 453 2022 qui
479 1966 684 2011 tribunus
711 1967 907 2011 cohortis
939 1968 1022 2011 sub
1050 1967 1243 2012 Classico
1269 1968 1431 2023 fuerat,
1457 1982 1525 2011 ac-

63 2040 101 2069 ω
125 2027 375 2071 cusavimus
417 2027 582 2084 dispari
623 2032 799 2072 eventu:
848 2028 1000 2073 Prisco
1042 2029 1088 2072 in
1130 2029 1355 2072 biennium
1397 2027 1526 2072 Italia

126 2087 428 2144 interdictum,
461 2089 689 2134 absolutus
716 2093 783 2134 est
808 2089 986 2134 Fuscus.
1030 2088 1220 2134 Actione
1252 2090 1384 2134 tertia
1409 2104 1524 2133 com·
1552 2096 1597 2129 19

125 2149 430 2194 modissimum
450 2151 701 2207 putavimus
722 2152 869 2208 plures
891 2166 1171 2210 congregare,
1196 2166 1264 2204 ne,
1291 2151 1326 2194 si
1348 2150 1525 2208 longius

125 2213 242 2255 esset
266 2214 464 2254 extracta
489 2211 701 2269 cognitio,
732 2212 933 2256 satietate
959 2216 1004 2256 et
1022 2212 1168 2256 taedio
1191 2213 1382 2268 quodam
1402 2211 1525 2255 iusti-

125 2271 189 2315 tia
219 2272 579 2331 cognoscentium
606 2274 901 2330 severitasque
934 2274 1256 2331 languesceret3
1289 2276 1333 2317 et
1357 2273 1524 2330 alioqui

226 2420 248 2453 9
275 2417 423 2463 praeda
490 2428 511 2454 ο
531 2419 642 2464 parte
662 2418 758 2455 coni.
781 2418 1000 2455 Mommsen.
1102 2421 1148 2453 28
1175 2417 1378 2454 Claudium
1400 2418 1472 2465 Fp
1488 2427 1522 2462 s,

132 2464 183 2501 K.
198 2465 237 2510 1,
266 2466 412 2510 Maon„
468 2466 533 2502 lau
560 2479 590 2508 r,
617 2466 788 2503 Clavium
816 2479 852 2510 a,
879 2466 1052 2503 Cluvium
1085 2467 1132 2506 1),
1161 2467 1210 2503 K.
1227 2468 1283 2503 ΙΙ.
