1716 2742
244 114 335 160 384
857 110 897 149 O.
918 110 1056 148 PLINI

244 227 357 273 nihil
390 227 444 272 ad
479 226 733 286 augendum
767 226 1000 286 fastigium
1042 230 1263 286 superest,
1301 227 1375 273 hic
1408 243 1499 274 uno
1533 229 1667 274 modo

242 306 438 336 crescere
471 292 637 347 potest,
672 289 710 334 si
743 304 789 334 se
823 291 919 348 ipse
953 290 1206 335 summittat
1232 305 1413 336 securus
1447 292 1668 352 magnitu-

192 367 214 401 5
243 354 358 398 dinis
393 368 510 398 suae.
575 352 734 411 Neque
762 353 881 397 enim
909 353 963 397 ab
990 354 1084 398 ullo
1112 353 1313 412 periculo
1340 354 1523 400 fortuna
1548 354 1668 414 prin-

242 416 394 475 cipum
432 415 612 475 longius
653 415 780 460 abest
820 431 954 474 quam
994 416 1276 462 humilitatis.
1340 416 1454 462 Mihi
1487 418 1667 477 quidem

240 495 333 524 non
365 482 458 523 tam
490 478 748 524 humanitas
770 481 860 523 =tua
887 494 1022 537 quam
1049 479 1241 524 intentio
1269 479 1364 525 eius
1391 481 1667 527 admirabilis

191 555 212 588 6
240 542 485 587 videbatur.
546 541 740 600 Quippe,
763 557 865 587 cum
887 542 1079 587 orationi
1102 543 1276 601 oculos,
1295 557 1463 601 vocem,
1484 560 1667 589 manum

241 605 568 663 commodares,
606 609 658 649 ut
691 605 729 650 si
762 605 837 649 alii
872 605 1025 650 eadem
1065 606 1154 651 ista
1194 605 1472 665 mandasses,
1514 623 1668 652 omnes

241 668 464 714 comitatis
501 682 712 713 numeros
753 668 921 714 obibas.
987 667 1139 727 Atque
1178 669 1331 728 etiam,
1372 684 1475 715 cum
1514 671 1669 716 suffra-

241 734 448 791 gatorum
481 731 665 776 nomina
697 731 880 790 honore,
915 747 1004 790 quo
1045 733 1210 790 solent,
1250 732 1579 793 exciperentur,
1618 736 1669 779 tu

241 810 421 853 quoque
454 795 572 839 inter
604 795 876 853 excipientes
911 810 1027 853 eras,
1068 798 1112 840 et
1145 811 1200 840 ex
1233 810 1309 840 ore
1341 795 1559 854 principis
1591 796 1669 842 ille
1713 817 1716 833 ⁴

192 870 212 904 7
241 858 492 903 senatorius
514 857 727 903 adsensus
748 858 1026 916 audiebatur,
1048 858 1258 917 quodque
1278 859 1397 917 apud
1418 859 1668 918 principem

239 921 473 980 perhibere
518 920 827 965 testimonium
875 922 1148 967 merentibus
1196 922 1522 982 gaudebamus,
1570 938 1669 981 per-

239 984 480 1029 hibebatur
505 1000 532 1028 a
557 984 772 1043 principe.
826 983 1039 1030 Faciebas
1067 1001 1195 1045 ergo,
1228 999 1331 1030 cum
1358 985 1526 1032 diceres
1554 986 1669 1044 opti-

239 1062 357 1104 mos3
389 1063 472 1092 nec
504 1047 708 1105 ipsorum
741 1047 876 1093 modo
909 1048 1003 1093 vita
1036 1064 1061 1093 a
1093 1051 1158 1105 te,
1191 1048 1268 1093 sed
1301 1048 1517 1094 iudicium
1546 1065 1668 1095 sena—

239 1113 312 1156 tus
341 1110 734 1169 comprobabatur,
762 1111 1001 1170 ornarique
1028 1127 1094 1170 se,
1119 1127 1212 1156 non
1238 1111 1342 1157 illos
1369 1112 1526 1172 magis,
1555 1127 1668 1171 quos
1714 1146 1716 1151 ⁴

238 1174 471 1232 laudabas,
503 1174 764 1219 laetabatur.

163 1236 224 1284 72
331 1235 447 1295 Iam,
481 1237 603 1295 quod
636 1239 843 1296 precatus
877 1253 943 1296 es,
969 1240 1020 1282 ut
1051 1238 1131 1282 illa
1157 1238 1255 1296 ipsa
1282 1237 1505 1283 ordinatio
1533 1239 1667 1283 comi-

238 1301 404 1346 tiorum
446 1300 558 1345 bene
598 1315 650 1345 ac
690 1300 881 1345 feliciter
919 1300 1116 1346 eveniret
1154 1300 1304 1360 nobis,
1342 1301 1408 1346 rei
1447 1301 1668 1360 publicae,

237 1364 339 1422 tibi,
372 1379 520 1408 nonne
541 1363 631 1408 tale
659 1366 744 1422 est,
771 1366 822 1407 ut
847 1379 930 1408 nos
957 1364 1079 1409 hunc
1106 1364 1308 1410 ordinem
1329 1366 1537 1410 votorum
1566 1380 1669 1411 con-

238 1429 409 1472 vertere
449 1426 687 1471 debeamus
728 1427 925 1485 deosque
965 1426 1218 1486 obsecrare,
1259 1430 1311 1473 ut
1345 1428 1517 1486 omnia,
1555 1443 1669 1486 quae
1714 1451 1716 1462 ι

237 1490 367 1547 facis,
395 1505 598 1548 quaeque
625 1490 780 1547 facies,
813 1505 1027 1549 prospere
1055 1490 1215 1536 cedant
1234 1490 1337 1549 tibi,
1370 1491 1435 1536 rei
1448 1491 1669 1550 publicae,

237 1554 388 1612 nobis,
421 1554 510 1611 vel,
545 1553 583 1599 si
607 1552 788 1599 brevius
817 1554 876 1599 sit
903 1554 1165 1612 optandum,
1197 1556 1248 1598 ut
1268 1554 1347 1599 uni
1373 1553 1476 1613 tibi,
1503 1554 1551 1599 in
1578 1570 1668 1613 quo

189 1629 209 1662 2
238 1619 283 1662 et
308 1632 377 1662 res
405 1616 587 1675 publica
614 1619 658 1661 et
684 1632 766 1662 nos
794 1616 980 1662 sumus?
1037 1616 1144 1662 Fuit
1168 1619 1366 1676 tempus,
1400 1631 1452 1662 ac
1477 1617 1670 1663 nimium

238 1680 314 1724 diu
347 1679 454 1738 fuit,
488 1694 577 1737 quo
612 1679 700 1726 alia
726 1679 931 1738 adversa,
964 1680 1052 1725 alia
1078 1680 1273 1725 secunda
1299 1680 1495 1740 principi
1521 1682 1566 1726 et
1591 1696 1669 1726 no-

237 1743 325 1788 bis:
367 1758 488 1788 nunc
531 1743 788 1788 communia
829 1743 914 1788 tibi
955 1743 1193 1789 nobiscum
1235 1746 1329 1788 tam
1371 1744 1491 1788 laeta
1533 1759 1669 1802 quam

237 1806 403 1864 tristia,
436 1821 519 1851 nec
551 1806 696 1865 magis
725 1807 821 1851 sine
846 1809 891 1851 te
918 1822 1000 1852 nos
1029 1822 1124 1852 esse
1150 1807 1304 1852 felices
1334 1821 1468 1865 quam
1494 1809 1547 1852 tu
1573 1807 1670 1852 sine

189 1881 210 1915 3
237 1870 368 1915 nobis
395 1871 534 1928 potes.
601 1868 693 1927 An,
721 1870 759 1914 si
784 1884 959 1928 posses,
991 1870 1040 1914 in
1066 1870 1155 1915 fine
1181 1872 1393 1915 votorum
1419 1870 1671 1928 adiecisses,

238 1935 290 1978 ut
321 1933 385 1977 ita
417 1931 624 1990 precibus
659 1933 749 1977 tuis
777 1932 822 1977 di
849 1932 1114 1991 adnuerent,
1148 1934 1186 1979 si
1219 1932 1435 1978 iudicium
1463 1935 1668 1979 nostrum

239 1996 399 2041 mereri
440 1995 799 2054 perseverasses?
850 1994 976 2041 Adeo
1019 1996 1134 2041 nihil
1176 1996 1261 2042 tibi
1309 2011 1461 2042 amore
1503 1996 1670 2042 civium

240 2059 490 2117 antiquius,
521 2061 573 2103 ut
607 2062 709 2104 ante
743 2075 769 2103 a
800 2059 951 2118 nobis,
992 2059 1151 2104 deinde
1185 2076 1211 2105 a
1243 2059 1312 2104 dis
1346 2061 1482 2118 atque
1515 2059 1579 2104 ita
1611 2059 1668 2104 ab

189 2136 211 2169 4
239 2122 329 2167 illis
357 2121 496 2167 amari
529 2121 658 2180 velis,
698 2122 735 2168 si
770 2138 795 2166 a
826 2122 959 2167 nobis
993 2123 1166 2168 ameris.
1232 2122 1294 2167 Et
1327 2137 1433 2168 sane
1465 2122 1669 2182 priorum

239 2185 495 2244 principum
530 2186 676 2230 exitus
717 2185 871 2231 docuit
909 2202 965 2231 ne
1000 2202 1026 2230 a
1058 2186 1126 2231 dis
1161 2186 1343 2245 quidem
1383 2185 1538 2244 amari,
1582 2185 1670 2230 nisi

241 2264 353 2306 quos
379 2248 585 2293 homines
614 2251 774 2293 ament.
820 2247 1024 2293 Arduum
1047 2252 1142 2294 erat
1166 2250 1246 2294 has
1267 2249 1547 2308 precationes
1568 2250 1669 2294 tuas

343 2362 388 2396 15
416 2359 548 2396 ornari
575 2359 644 2406 qui
671 2370 712 2396 se
738 2359 939 2407 Schwarz„
968 2361 1036 2407 qui
1063 2372 1144 2398 orn.
1173 2371 1214 2397 se
1241 2360 1383 2398 Baehr.
1516 2363 1562 2396 17
1589 2359 1670 2397 iam

241 2410 403 2456 Hear‘n„
425 2410 477 2447 K.
496 2411 552 2455 II,
574 2410 730 2457 Baehr„
751 2411 903 2457 Muell„
929 2422 1021 2447 nam
1047 2411 1149 2459 vuly.
1253 2414 1300 2448 20
1327 2410 1498 2457 deosque
1524 2410 1670 2457 Livia„

241 2460 401 2506 Burkh„
438 2460 590 2507 Muell„
626 2472 691 2498 eos
726 2461 797 2509 (vel
831 2461 938 2510 deos)
985 2461 1154 2508 denique
1187 2462 1246 2499 vel
1278 2460 1514 2508 eosdemque
1549 2460 1670 2507 codd„

241 2509 411 2559 deosque
439 2510 551 2549 enixe
578 2511 719 2551 Baehr.
