1716 2742
509 119 874 158 EPISTULARUM
899 120 954 157 IX
982 125 1141 158 19—22.
1455 126 1545 170 247

776 239 886 280 XXI.
918 225 1128 305 lla'aeffi
1151 260 1180 281 a
1210 217 1363 289 ιὲωί,

443 329 486 363 C.
508 329 714 364 PLINIUS
743 329 1018 364 SABINIANO
1047 329 1144 364 SUO
1174 330 1211 364 S.

205 411 416 457 Libertus
448 415 574 470 tuus,
613 412 686 456 cui
727 427 983 456 suscensere
1023 415 1068 456 te
1102 412 1296 470 dixeras,
1334 412 1460 457 venit
1492 414 1548 457 ad
1576 427 1594 458 1

113 490 185 519 me
223 475 556 533 advolutusque
594 474 785 532 pedibus
826 475 937 519 meis
984 478 1216 533 tamquam
1255 475 1347 519 tuis
1389 476 1545 520 haesit.

0 556 3 558 ·
69 555 86 582 5
112 537 262 582 Flevit
293 538 508 595 multum,
540 538 735 582 multum
762 538 960 597 rogavit,
992 539 1188 582 multum
1222 539 1358 582 etiam
1391 538 1548 596 tacuit,

110 601 159 645 in
185 615 362 645 summa
402 600 512 645 fecit
550 600 663 644 mihi
702 600 837 645 fidem
875 601 1190 658 paenitentiae.
1255 600 1373 645 Vere
1413 602 1546 646 credo

111 663 417 721 emendatum,
455 663 562 721 quia
594 663 835 720 deliquisse
875 679 922 707 se
956 664 1103 708 sentit.
1169 663 1399 720 Irasceris,
1438 664 1546 721 scio,
1573 677 1594 708 2

110 728 156 770 et
187 725 393 771 irasceris
420 726 602 782 merito,
636 726 681 770 id
709 741 889 783 quoque
917 726 1031 784 scio;
1065 726 1141 770 sed
1168 728 1277 771 tunc
1304 727 1546 785 praecipua

110 788 468 833 mansuetudinis
513 789 631 847 laus,
684 804 787 833 cum
838 789 930 833 irae
983 804 1118 834 causa
1169 789 1415 833 iustissima
1466 792 1545 834 est.

48 869 84 897 ιο
110 850 288 896 Amasti
307 851 540 896 hominem
561 854 626 909 et,
659 867 810 909 spero,
843 852 1032 896 amabis:
1066 852 1247 896 interim
1271 852 1461 909 sufficit,
1493 855 1546 896 ut
1572 865 1593 896 3

108 914 286 959 exorari
304 917 351 959 te
371 915 503 958 sinas.
549 914 725 959 Licebit
744 930 899 958 rursus
920 914 1074 972 irasci,
1101 915 1139 959 si
1160 915 1394 972 meruerit,
1424 915 1544 972 quod

107 979 318 1021 exoratus
351 977 606 1022 excusatius
638 977 787 1022 facies.
853 976 1050 1022 Remitte
1084 977 1256 1035 aliquid
1289 978 1544 1022 adulescen-

106 1039 197 1084 tiae
229 1040 392 1097 ipsius,
423 1041 603 1084 remitte
635 1041 854 1097 lacrimis,
885 1040 1065 1084 remitte
1092 1041 1400 1099 indulgentiae
1426 1043 1543 1084 tuae.

106 1101 178 1147 Ne
203 1103 389 1147 torseris
415 1102 566 1160 illum,
597 1118 655 1147 ne
682 1103 867 1147 torseris
895 1104 1031 1147 etiam
1058 1106 1122 1160 te3
1156 1103 1382 1161 torqueris
1410 1103 1542 1160 enim,
1571 1116 1593 1147 4

44 1182 81 1210 ιε
107 1179 211 1209 cum
236 1167 331 1210 tam
356 1165 472 1210 lenis
499 1166 715 1210 irasceris
768 1165 959 1223 Vereor,
990 1182 1047 1210 ne
1073 1138 1228 1210 videar
1252 1181 1346 1210 non
1361 1181 1543 1236 rogare,

106 1228 183 1272 sed
230 1242 410 1287 cogere,
455 1229 494 1272 si
538 1228 748 1287 precibus
795 1228 890 1273 eius
937 1244 1059 1273 meas
1105 1230 1314 1286 iunxero3
1357 1229 1543 1299 iungam

104 1293 259 1335 tamen
290 1293 419 1335 tanto
453 1291 633 1363 plenius
673 1295 719 1336 et
752 1291 956 1349 effusius,
999 1294 1168 1349 quanto
1211 1264 1361 1349 ipsiim
1395 1291 1542 1336 acrius

106 1353 395 1412 severiusque
439 1354 637 1412 corripui
680 1354 891 1398 destricte
934 1354 1130 1398 minatus
1177 1370 1426 1411 numquam
1469 1369 1541 1398 me

105 1418 264 1473 postea
294 1419 572 1476 rogaturum.
638 1416 741 1462 Hoc
783 1418 872 1475 illi,
916 1432 1050 1474 quem
1090 1417 1247 1461 terreri
1291 1417 1542 1474 oportebat,

41 1495 80 1522 πο
104 1478 190 1523 tibi
220 1494 315 1523 non
346 1479 485 1538 idem3
517 1495 622 1524 nam
655 1480 846 1524 fortasse
872 1480 1037 1524 iterum
1068 1479 1254 1539 rogabo,
1286 1479 1541 1537 impetrabo

104 1541 286 1586 iterum:
326 1543 387 1587 sit
418 1543 553 1587 modo
593 1543 701 1600 tale,
741 1546 793 1587 ut
824 1558 983 1602 rogare
1017 1558 1107 1600 me,
1146 1545 1197 1586 ut
1235 1545 1462 1600 praestare
1495 1545 1540 1586 te

104 1603 271 1650 deceat.
338 1605 461 1649 Vale.

753 1673 885 1713 XXII.
951 1657 1081 1733 aa,
1101 1647 1427 1743 fasma-s
1477 1650 1648 1706 basus

475 1762 518 1796 C.
539 1763 747 1797 PLINIUS
776 1762 974 1796 SEVERO
1004 1762 1101 1797 SUO
1129 1763 1167 1797 S.

40 1860 76 1887 25
196 1843 364 1903 Magna
396 1860 467 1889 me
507 1845 813 1890 sollicitudine
853 1845 1020 1889 adfecit
1051 1845 1268 1890 Passenni
1301 1845 1431 1890 Pauli
1465 1861 1538 1890 va·
1566 1859 1584 1890 1

102 1906 258 1950 letudo
305 1910 351 1951 et
397 1908 578 1964 quidem
625 1907 832 1965 plurimis
884 1908 1232 1966 iustissimisque
1278 1908 1333 1953 de
1380 1909 1536 1953 causis.

102 1968 187 2012 Vir
226 1971 295 2013 est
335 1971 553 2029 optimus,
594 1970 960 2028 honestissimus,
1001 1971 1146 2015 nostri
1183 1971 1534 2029 amantissimus3

101 2034 334 2088 praeterea
359 2033 407 2076 in
431 2033 596 2077 litteris
623 2036 794 2077 veteres
822 2034 1093 2091 aemulatur,
1121 2034 1352 2091 exprimit,
1377 2033 1538 2091 reddit,

102 2093 390 2152 Propertium
417 2096 466 2139 in
490 2096 671 2153 primis,
704 2112 730 2139 a
757 2111 846 2153 quo
874 2111 1018 2154 genus
1046 2097 1190 2154 ducit,
1221 2112 1327 2141 vera
1354 2097 1535 2140 suboles

40 2173 77 2200 ω
103 2172 250 2228 eoque
274 2157 506 2202 simillima
538 2158 624 2213 illi,
658 2159 706 2202 in
733 2173 822 2229 quo
850 2159 927 2203 ille
953 2159 1233 2217 praecipuus.
1301 2157 1350 2203 Si
1383 2160 1535 2218 elegos
1563 2171 1584 2202 2

102 2219 198 2264 eius
237 2221 286 2264 in
325 2236 509 2264 manum
551 2222 812 2291 sumpseris,
852 2222 975 2281 leges
1009 2237 1122 2279 opus
1155 2226 1346 2279 tersum,
1386 2222 1536 2279 molle,

102 2282 348 2327 iucundum
384 2287 429 2327 et
454 2285 587 2341 plane
621 2284 669 2328 in
698 2283 906 2341 Properti
932 2284 1067 2329 domo
1102 2285 1331 2342 scriptum.
1378 2283 1536 2342 Nuper

102 2345 158 2389 ad
189 2345 333 2403 lyrica
366 2346 568 2403 deflexit,
607 2347 655 2390 in
694 2346 859 2404 quibus
898 2346 962 2391 ita
995 2347 1239 2391 Horatium
1279 2349 1331 2390 ut
1363 2346 1411 2390 in
1443 2347 1534 2391 iuis

203 2460 250 2493 13
269 2459 362 2494 tuae
383 2469 454 2495 om.
468 2458 510 2494 D
515 2469 577 2504 po
588 2469 623 2494 a.
722 2460 769 2494 20
789 2457 876 2494 iter.
898 2469 993 2505 rog.‚
1014 2457 1127 2495 iter.'
1116 2470 1210 2504 Imp.
1226 2458 1268 2494 D
1273 2469 1371 2505 pra
1378 2486 1390 2504 ,
1412 2458 1534 2496 Merr.

102 2509 147 2542 31
176 2517 317 2543 manus
344 2508 406 2553 M,
434 2508 486 2544 K.
503 2509 562 2553 II,
588 2518 750 2544 manum
778 2520 814 2554 a,
843 2508 896 2544 K.
911 2510 947 2553 1,
974 2508 1127 2553 Muell„
1153 2519 1273 2544 manu
1300 2508 1419 2555 Dpr.
