1716 2742
246 145 337 190 272
691 141 730 179 C.
758 141 895 178 PLINI
920 140 986 178 ΕΤ
1013 140 1228 178 TRAIANI

245 258 390 303 tiones
423 260 523 302 tuas
556 259 650 301 tam
681 257 827 300 laetus
861 258 1075 314 sequatur
1106 258 1310 314 eventus,
1349 258 1402 301 ut
1433 255 1674 301 virtutibus

245 321 382 364 tantis
416 319 562 379 gloria
594 318 773 376 imperii
808 321 853 362 et
884 321 1078 363 novetur
1110 321 1156 363 et
1188 321 1418 378 augeatur.

802 435 891 475 xv.
927 432 1115 488 [XXVI]

521 511 564 546 C.
586 511 792 545 PLINIUS
821 511 1045 546 TRAIANO
1073 510 1406 556 IMPERATORI.

333 581 448 633 Quia
490 581 687 638 confido,
731 581 931 638 domine,
973 581 1029 624 ad
1072 596 1227 625 curam
1269 583 1395 625 tuam
1438 581 1675 639 pertinere,
1702 593 1716 621 ε

243 644 404 688 nuntio
438 643 523 688 tibi
555 660 627 688 me
653 643 888 702 Ephesum
922 658 1024 688 cum
1053 643 1262 688 omnibus
1290 643 1400 688 meis
1426 642 1547 703 ὑπὲρ
1573 647 1677 688 Μα-

244 706 355 751 λέαν
405 707 642 765 navigasse
696 705 900 763 quamvis
953 706 1189 751 contrariis
1240 706 1387 750 ventis
1437 708 1676 752 retentum.

242 768 377 814 Nunc
411 769 585 814 destino
619 769 786 827 partim
821 769 980 813 orariis
1012 768 1224 826 navibus,
1255 769 1423 827 partim
1455 768 1676 814 vehiculis

243 832 523 890 provinciam
555 834 719 890 petere.
785 830 904 876 Nam
931 831 1048 876 sicut
1074 831 1227 876 itineri
1252 846 1410 891 graves
1438 834 1586 876 aestus
1613 831 1678 876 ita

243 895 483 940 continuae
515 893 797 954 navigationi
830 894 994 939 etesiae
1027 894 1316 939 reluctantur.
1705 907 1716 934 1

780 1011 892 1052 xvi.
929 1009 1139 1063 [XXVII]

727 1099 982 1134 TRAIANUS
1009 1100 1201 1134 PLINIO.

339 1170 475 1215 Recte
507 1170 797 1227 renuntiasti,
829 1170 894 1214 mi
928 1168 1132 1214 Secunde
1165 1170 1408 1219 carissime.
1474 1170 1678 1215 Pertinet

242 1233 362 1277 enim
406 1233 462 1278 ad
504 1233 705 1277 animum
741 1248 912 1290 meum,
955 1232 1078 1290 quali
1114 1232 1274 1277 itinere
1310 1233 1360 1278 in
1395 1233 1677 1291 provinciam

241 1296 488 1354 pervenias.
546 1295 796 1340 Prudenter
822 1297 970 1339 autem
1000 1295 1238 1340 constituis
1265 1295 1447 1340 interim
1473 1296 1677 1354 navibus,
1705 1313 1716 1340 1

241 1360 422 1403 interim
454 1359 674 1403 vehiculis
707 1359 775 1402 uti
783 1394 794 1416 ⁷
827 1360 964 1416 prout
996 1358 1098 1402 loca
1131 1359 1366 1406 suaserint.

726 1474 850 1537 xvn
869 1475 919 1516 A.
957 1472 1191 1527 [xxvm]

519 1564 561 1598 C.
583 1564 790 1598 PLINIUS
819 1563 1043 1598 TRAIANO
1072 1563 1407 1598 IMPERATORI.

195 1647 213 1678 1
338 1634 464 1679 Sicut
507 1634 848 1679 saluberrimam
891 1634 1249 1692 navigationem,
1293 1633 1492 1691 domine,
1534 1648 1677 1691 usque

242 1697 472 1756 Ephesum
516 1699 725 1755 expertus
768 1697 832 1740 ita
874 1696 996 1754 inde,
1042 1698 1283 1754 postquam
1328 1696 1548 1740 vehiculis
1590 1696 1716 1740 itera

242 1760 387 1805 facere
421 1760 570 1818 coepi,
602 1759 882 1819 gravissimis
916 1758 1113 1804 aestibus
1147 1762 1282 1816 atque
1317 1758 1452 1804 etiam
1484 1758 1676 1804 febricu—

193 1834 214 1866 2
241 1823 298 1868 h's
332 1825 517 1867 vexatus
551 1822 761 1882 Pergami
794 1822 986 1867 substiti.
1052 1821 1247 1879 Rursus,
1279 1836 1383 1866 cum
1415 1821 1676 1867 transissem

243 1887 291 1930 in
318 1885 485 1930 orarias
511 1886 764 1943 naviculas,
797 1884 1033 1930 contrariis
1053 1885 1200 1930 ventis
1220 1886 1422 1928 retentus
1443 1884 1675 1942 aliquanto

242 1949 431 2005 tardius,
476 1963 611 2006 quam
654 1963 957 2006 speraveram,
998 1946 1044 1990 id
1087 1949 1155 1991 est
1196 1946 1284 1992 XV
1322 1946 1410 1991 kal.
1445 1944 1677 2004 Octobres,

242 2011 505 2069 Bithyniam
531 2010 707 2055 intravi.
776 2010 883 2055 Non
909 2025 1094 2068 possum
1122 2012 1274 2054 tamen
1301 2009 1356 2054 de
1382 2024 1511 2054 mora
1537 2009 1677 2067 queri,
1702 2029 1716 2057 ε

244 2089 345 2118 cum
380 2073 492 2117 mihi
526 2073 786 2132 contigerit,
829 2073 951 2131 quod
990 2075 1086 2117 erat
1125 2072 1557 2130 auspicatissimum,
1599 2087 1676 2116 na-

195 2146 215 2178 3
265 2136 379 2180 alem
421 2139 551 2180 tuum
594 2136 642 2180 in
683 2136 916 2194 provincia
955 2135 1192 2180 celebrare.
1257 2134 1393 2180 Nunc
1428 2134 1494 2179 rei
1529 2134 1676 2193 publi-

235 2138 321 2378 ξπ
354 2198 643 2243 Prusensium
689 2198 934 2256 impendia,
976 2198 1167 2255 reditus,
1209 2197 1433 2242 debitores
1477 2197 1676 2254 excuti03

246 2261 365 2317 quod
399 2277 453 2305 ex
486 2262 586 2319 ipso
619 2263 815 2306 tractatu
848 2261 992 2319 magis
1026 2276 1078 2305 ac
1104 2260 1249 2320 magis
1275 2259 1578 2304 necessarium
1610 2259 1676 2303 in-

265 2323 421 2381 ellego.
486 2323 655 2368 Multae
689 2324 808 2368 enim
842 2323 1056 2382 pecuniae
1089 2323 1226 2367 variis
1259 2338 1314 2367 ex
1347 2322 1493 2367 causis
1528 2338 1554 2366 a
1585 2323 1675 2379 pri-
1701 2342 1716 2370 a

346 2425 367 2458 6
394 2423 443 2466 cf.
466 2421 552 2458 Otto
578 2421 762 2468 Sprichw.
789 2433 826 2468 p.
850 2424 929 2459 206
947 2433 1000 2468 sq.
1128 2425 1148 2457 7
1175 2421 1384 2458 retentum.
1405 2418 1522 2457 Nunc
1550 2421 1672 2458 Hem.

245 2471 383 2518 Steph.‚
411 2471 462 2508 K.
478 2472 538 2516 II,
566 2472 707 2517 Hard„
742 2472 894 2517 Muezl„
932 2471 1151 2518 navigasse.
1205 2470 1391 2515 Quamvis
1419 2471 1542 2507 contr.
1570 2471 1674 2508 vent.

244 2522 431 2568 retentus,
458 2532 562 2558 nunc
590 2522 681 2566 Ba,
711 2522 764 2558 K.
780 2523 813 2558 I.
921 2526 965 2557 14
993 2522 1034 2558 in
1062 2521 1150 2558 add.
1174 2521 1256 2559 Cat.
