1630 2678
167 172 251 216 116
755 161 792 199 C.
819 160 953 197 PLINI

160 291 762 381 erssssmjafmffill‘m
790 289 914 328 xxx.

429 379 469 411 C.
491 376 690 411 PLINIUS
716 375 907 409 LICINIO
936 373 1096 407 SURAE
1124 372 1219 407 SUO
1247 371 1286 406 S.

118 474 136 506 1
248 459 390 503 Attuli
427 458 507 501 tibi
546 473 598 500 ex
636 455 778 513 patria
816 470 911 498 mea
942 469 1022 511 pro
1062 452 1325 497 munusculo
1364 450 1552 509 quaesti·

116 535 137 567 2
165 536 290 565 onem
323 519 533 563 altissima
564 518 649 561 ista
674 516 918 560 eruditione
945 514 1262 573 dignissimam.
1323 511 1443 557 Fons
1469 512 1553 556 ori-

164 586 234 625 tur
265 582 310 624 in
342 582 502 635 monte,
533 594 611 635 per
642 593 746 621 saxa
771 576 974 633 decurrit,
1005 574 1224 632 excipitur
1248 573 1554 619 cenatiuncula

164 656 294 686 manu
324 641 456 696 facta3
488 640 550 683 ibi
581 639 761 696 paulum
792 640 988 682 retentus
1020 637 1068 680 in
1092 636 1273 680 Larium
1303 635 1451 680 lacum
1483 634 1554 678 de-

164 703 279 747 cidit.
342 701 486 745 Huius
513 701 623 743 mira
647 702 821 743 natura:
854 702 921 743 ter
950 699 996 742 in
1023 697 1091 742 die
1121 696 1247 742 statis
1273 695 1477 741 auctibus
1504 710 1555 739 ac

117 775 138 808 3
165 762 524 807 diminutionibus
551 761 707 805 crescit
732 760 1038 816 decrescitque.
1103 757 1308 803 Cernitur
1331 756 1377 801 id
1407 757 1555 814 palam

165 827 207 868 et
239 839 337 868 cum
364 838 534 866 summa
559 823 786 879 voluptate
813 820 1164 878 deprehenditur.
1227 818 1358 863 quta
1388 832 1556 862 recum-

165 886 230 928 bis
272 887 315 928 et
355 884 540 927 vesceris
579 885 709 939 atque
751 883 882 926 etiam
923 897 978 926 ex
1018 882 1115 939 ipso
1157 880 1282 925 fonte
1322 877 1444 939 (nam
1489 881 1557 923 est

164 943 493 1003 frigidissimus)
539 947 684 1001 potas3
735 943 910 987 interim
962 943 1037 986 ille
1085 941 1214 986 certis
1260 939 1556 998 dimensisque

117 1018 139 1050 4
165 1006 396 1050 momentis
435 1006 506 1048 vel
544 1004 814 1048 subtrahitur
852 1005 921 1048 vel
956 1003 1168 1062 adsurgit.
1241 1001 1441 1047 Anulum
1479 1015 1557 1045 seu

165 1067 268 1124 quid
296 1067 414 1110 aliud
438 1066 565 1123 ponis
598 1066 645 1109 in
670 1066 800 1121 sicco,
834 1066 1027 1108 adluitur
1053 1064 1213 1108 sensim
1242 1079 1294 1108 ac
1318 1062 1558 1108 novissime

165 1128 377 1185 operitur,
428 1127 645 1184 detegitur
684 1141 834 1170 rursus
876 1126 1177 1183 paulatimque
1219 1124 1444 1169 deseritur.
1509 1122 1558 1167 Si

166 1189 328 1232 diutius
374 1188 594 1242 observes,
639 1190 874 1244 utrumque
918 1188 1078 1231 iterum
1124 1201 1175 1231 ac
1218 1185 1349 1230 tertio
1394 1184 1556 1229 videas.

117 1261 138 1293 5
166 1249 409 1305 Spiritusne
447 1249 605 1305 aliquis
644 1249 858 1292 occultior
895 1263 943 1292 os
982 1248 1118 1292 fontis
1157 1249 1202 1292 et
1237 1246 1387 1292 fauces
1425 1245 1557 1290 modo

165 1311 300 1366 laxat,
349 1310 478 1353 modo
517 1310 722 1366 includit,
765 1312 897 1366 prout
934 1310 1097 1353 inlatus
1140 1308 1334 1353 occurrit
1373 1309 1451 1351 aut
1488 1306 1558 1351 de-

1583 892 1618 919 10

1584 1198 1619 1226 1⁶

119 1382 140 1413 6
168 1371 295 1415 cessit
333 1370 569 1427 expulsus?
611 1371 728 1426 quod
767 1371 813 1413 in
852 1371 1058 1427 ampullis
1100 1369 1343 1427 ceterisque
1384 1367 1558 1427 generis
1586 1382 1587 1388 ¹

168 1432 359 1475 eiusdem
384 1431 580 1474 videmus
607 1431 813 1488 accidere,
845 1432 1003 1488 quibus
1029 1447 1121 1475 non
1145 1431 1274 1475 hians
1299 1444 1382 1474 nec
1408 1429 1558 1473 statim

169 1495 320 1548 patens
347 1492 499 1535 exitus,
561 1491 677 1535 Nam
706 1493 783 1535 illa
810 1507 996 1549 quoque,
1030 1506 1298 1550 quamquam
1329 1505 1471 1548 prona
1495 1491 1558 1533 at-

170 1567 253 1608 que
284 1553 523 1610 vergentia,
556 1568 633 1609 per
664 1553 874 1609 quasdam
908 1553 1176 1597 obluctantis
1209 1552 1380 1596 animae
1412 1565 1558 1595 moras

123 1623 143 1655 7
171 1613 331 1656 crebris
364 1614 487 1668 quasi
518 1614 782 1671 singultibus
809 1615 984 1671 sistunt,
1016 1614 1135 1671 quod
1167 1613 1411 1659 effundunt.
1474 1611 1560 1668 An,

171 1688 281 1729 quae
314 1687 473 1717 oceano
505 1677 671 1730 natura,
703 1675 816 1718 fonti
849 1690 1044 1732 quoque,
1076 1689 1250 1732 quaque
1281 1674 1357 1718 ille
1387 1672 1560 1717 ratione

171 1736 247 1776 aut
278 1733 517 1789 impellitur
549 1738 624 1777 aut
660 1736 920 1793 resorbetur,
963 1737 1046 1780 hac
1084 1736 1283 1780 modicus
1320 1735 1394 1778 hic
1431 1749 1560 1778 umor

123 1804 145 1837 8
171 1794 338 1862 vicibus
377 1795 552 1837 alternis
585 1797 871 1852 supprimitur
907 1798 979 1840 vel
1016 1796 1238 1856 egeritur?
1276 1794 1362 1852 An,
1398 1797 1451 1840 ut
1479 1795 1560 1839 flu-

173 1870 310 1910 mma,
349 1869 459 1910 quae
498 1855 543 1897 in
581 1871 697 1899 mare
736 1857 1004 1914 deferuntur,
1043 1857 1377 1902 adversantibus
1415 1855 1560 1900 ventis

173 1915 390 1970 obvioque
435 1919 556 1958 aestu
605 1919 930 1974 retorquentur,
978 1919 1041 1962 ita
1090 1922 1158 1963 est
1203 1917 1392 1976 aliquid,
1442 1916 1558 1974 quod

125 1986 145 2018 9
172 1976 302 2019 huius
329 1975 462 2018 fontis
489 1991 717 2020 excursum
746 1979 1036 2034 repercutiat?
1067 1979 1140 2024 An
1167 1979 1408 2024 latentibus
1436 1978 1560 2022 venis

173 2039 291 2104 certa
331 2051 550 2104 mensura,
598 2051 707 2093 quae
749 2038 851 2082 dum
893 2040 1081 2098 colligit,
1128 2040 1246 2098 quod
1288 2039 1563 2095 exhauserat,

174 2111 317 2140 minor
347 2111 465 2139 rivus
498 2100 541 2139 et
572 2098 755 2155 pigrior,
788 2114 885 2142 cum
920 2102 1112 2159 collegit,
1143 2101 1303 2160 agilior
1333 2100 1561 2157 maiorque

103 2166 147 2200 10
173 2157 420 2214 profertur?
470 2156 543 2200 An
582 2159 728 2202 nescio
772 2161 888 2215 quod
927 2161 1237 2206 libramentum
1278 2161 1477 2206 abditum
1518 2163 1564 2204 et

174 2232 367 2273 caecum,
409 2218 526 2273 quod
568 2233 664 2261 cum
704 2219 972 2265 exinanitum
1015 2226 1098 2279 est,
1140 2223 1324 2267 suscitat
1361 2224 1405 2266 et
1442 2221 1563 2266 elicit

272 2328 293 2360 3
320 2323 394 2360 tibi
418 2335 487 2361 om.
515 2325 613 2362 RF.
743 2331 765 2362 4
791 2327 867 2363 ista
893 2340 961 2364 om.
990 2330 1040 2365 M
1053 2331 1092 2366 V.
1225 2334 1247 2367 5
1274 2329 1466 2377 excipitur
1490 2340 1560 2366 om.

175 2373 270 2411 RF.
365 2377 411 2429 13
423 2378 511 2429 post
528 2375 643 2420 prout
662 2375 749 2411 add.
771 2378 838 2411 aut
858 2378 908 2412 M
921 2378 991 2423 Vr,
1012 2379 1147 2415 Muell.
1241 2382 1288 2414 25
1307 2378 1369 2415 vel
1387 2378 1562 2425 RFpa,

175 2422 227 2477 et·
244 2422 327 2477 pr,
359 2424 596 2468 erigiturque
629 2423 672 2467 V,
703 2423 938 2471 erigiturque
971 2427 1011 2462 et
1041 2427 1212 2474 egeritur
1242 2436 1277 2472 ς,
1309 2426 1564 2474 subprimitur

175 2471 336 2517 erigitur
372 2471 431 2515 M,
456 2471 505 2515 cf.
527 2471 563 2507 V
582 2474 617 2516 6,
643 2474 691 2509 37
717 2476 752 2509 et
778 2473 883 2509 VIII
902 2477 964 2518 20,
989 2478 1022 2512 9.
