1716 2742
210 122 302 167 352
824 116 862 154 G.
891 117 1029 153 PLINI

209 249 388 293 quoque
421 233 597 277 abunde
630 233 793 277 misera
824 247 894 276 res
929 234 997 276 est
1035 233 1163 289 pater
1201 231 1296 276 filio
1338 233 1460 277 solus
1493 232 1641 277 heres:

159 308 181 341 6
210 296 317 355 quid
351 297 389 340 si
422 295 686 340 coheredem
719 310 812 339 non
846 311 872 339 a
903 295 998 339 filio
1040 293 1261 352 accipiat?
1326 293 1474 353 Adde,
1508 296 1641 354 quod,

209 375 310 405 cum
345 358 473 403 divus
506 358 658 403 Nerva
691 358 931 415 sanxisset,
963 359 1014 402 ut
1046 357 1095 401 in
1120 357 1319 414 paternis
1345 357 1476 402 bonis
1509 358 1641 403 liberi

207 421 471 467 necessitate
503 421 741 466 vicesimae
775 421 1074 478 solverentur,
1107 435 1359 479 congruens
1403 423 1498 465 erat
1541 437 1641 466 ean-

207 485 308 530 dem
335 484 652 529 inmunitatem
680 486 886 542 parentes
914 484 962 527 in
989 483 1235 527 liberorum
1262 483 1394 528 bonis
1425 484 1639 529 obtinere.
1673 498 1691 526 5

159 559 178 592 7
209 547 297 592 Gur
330 548 448 592 enim
482 548 673 605 posteris
708 547 902 604 amplior
933 547 1080 590 honor
1118 561 1253 603 quam
1286 546 1531 591 maioribus
1564 546 1640 591 ha-

206 611 404 668 beretur,
449 625 582 654 curve
627 625 720 654 non
762 612 882 654 retro
927 624 1106 667 quoque
1148 611 1395 654 recurreret
1437 610 1639 668 aequitas

206 673 336 732 [non]
372 673 556 717 eadem?
614 673 683 717 Tu
717 672 918 730 quidem,
954 670 1132 729 Caesar,
1166 672 1291 716 illam
1329 673 1639 731 exceptionem

204 736 457 793 removisti,
500 736 538 780 si
581 736 716 780 modo
762 735 882 779 filius
929 734 976 778 in
1018 736 1242 793 potestate
1283 735 1425 793 patris
1467 735 1641 794 fuisset,

204 799 417 856 intuitus,
450 799 629 857 opinor,
662 798 754 842 vim
787 799 1024 857 legemque
1063 800 1273 856 naturae,
1312 813 1425 856 quae
1465 813 1640 857 semper
1666 812 1703 839 ιο

205 863 252 906 in
286 862 461 906 dicione
501 864 740 920 parentum
780 876 876 906 esse
914 861 1081 905 liberos
1122 861 1255 905 iussit
1292 876 1375 906 nec
1414 861 1483 905 uti
1522 861 1641 906 inter

203 925 395 983 pecudes
430 925 494 970 sic
526 925 643 969 inter
674 924 879 968 homines
913 925 1183 982 potestatem
1218 926 1262 968 et
1293 923 1533 982 imperium
1565 940 1639 969 va—

129 984 189 1032 39
203 988 471 1032 lentioribus
506 987 639 1032 dedit.
704 987 802 1032 Nec
834 1002 939 1031 vero
975 989 1212 1031 contentus
1246 987 1444 1045 primum
1477 1002 1640 1047 cogna-

203 1051 340 1095 tionis
375 1050 564 1110 gradum
605 1050 842 1095 abstulisse
885 1049 1124 1094 vicesimae
1168 1050 1414 1095 secundum
1460 1065 1638 1109 quoque

204 1114 370 1159 exemit
403 1114 631 1171 cavitque,
663 1115 715 1157 ut
747 1114 795 1157 in
822 1113 989 1158 sororis
1015 1112 1146 1157 bonis
1172 1113 1311 1158 frater
1338 1115 1383 1158 et
1409 1116 1566 1158 contra
1592 1114 1639 1158 in
1667 1126 1702 1155 15

204 1177 356 1221 fratris
391 1192 536 1235 soror,
568 1179 708 1234 utque
742 1192 850 1221 avus
885 1178 929 1220 et
962 1176 1062 1220 avia
1094 1176 1142 1220 in
1175 1177 1323 1234 neptis
1355 1176 1639 1235 nepotisque,

153 1251 174 1284 2
204 1243 249 1284 et
275 1240 467 1284 invicem
489 1240 558 1284 illi
579 1242 862 1285 servarentur
882 1239 1101 1283 inmunes.
1154 1237 1238 1284 His
1260 1254 1454 1297 quoque,
1475 1240 1638 1297 quibus

202 1319 283 1361 per
327 1302 506 1347 Latium
553 1303 710 1347 civitas
754 1302 960 1346 Romana
1004 1302 1244 1359 patuisset,
1286 1301 1404 1346 idem
1449 1302 1639 1347 indulsit

204 1366 500 1423 omnibusque
533 1365 650 1410 inter
684 1381 730 1410 se
758 1365 1079 1424 cognationum
1113 1365 1211 1409 iura
1242 1365 1469 1410 commisit
1503 1366 1639 1410 simul
1714 1420 1716 1425 Δ

205 1432 248 1473 et
276 1429 444 1487 pariter
477 1431 522 1473 et
556 1444 678 1473 more
721 1430 906 1473 naturae
913 1463 949 1485 ‚.
969 1443 1082 1485 quae
1128 1428 1300 1486 priores
1343 1428 1569 1487 principes
1613 1445 1638 1472 a
1665 1442 1716 1479 2⁰5

204 1492 394 1551 singulis
440 1492 592 1551 rogari
631 1491 884 1550 gestiebant
925 1506 1018 1535 non
1055 1494 1149 1535 tam
1189 1490 1447 1550 praestandi
1486 1491 1636 1536 animo

153 1566 174 1598 3
204 1570 338 1612 quam
371 1555 577 1614 negandi.
642 1554 714 1598 Ex
748 1569 836 1612 quo
865 1554 1068 1613 intellegi
1094 1556 1264 1612 potest,
1293 1556 1486 1612 quantae
1515 1554 1638 1599 beni-

204 1617 410 1677 gnitatis,
459 1617 616 1676 quanti
659 1617 844 1675 spiritus
886 1617 1023 1661 fuerit
1066 1632 1242 1676 sparsas
1286 1620 1440 1675 atque,
1481 1620 1533 1661 ut
1575 1617 1639 1662 ita

204 1682 367 1739 dicam,
399 1681 569 1725 laceras
608 1680 884 1740 gentilitates
919 1680 1132 1739 colligere
1166 1683 1301 1738 atque
1333 1682 1567 1725 conectere
1594 1683 1639 1725 et

204 1744 331 1802 quasi
363 1744 536 1788 renasci
569 1744 741 1801 iubere,
769 1743 960 1801 deferre,
987 1743 1108 1800 quod
1134 1743 1396 1802 negabatur,
1423 1746 1558 1802 atque
1591 1743 1636 1788 id
1664 1755 1708 1785 25'

202 1809 427 1865 praestare
462 1807 655 1864 cunctis,
683 1807 803 1863 quod
837 1821 968 1864 saepe
995 1807 1164 1866 singuli
1189 1821 1283 1851 non
1308 1806 1637 1864 impetrassent,

202 1872 431 1928 postremo
466 1870 615 1927 ipsum
657 1870 743 1914 sibi
783 1869 954 1928 eripere
994 1871 1064 1914 tot
1103 1869 1426 1914 beneficiorum
1471 1869 1637 1914 occasi-

202 1947 322 1990 ones,
342 1936 435 1977 tam
456 1948 739 1977 numerosam
769 1932 1000 1992 obligandi
1027 1932 1370 1990 imputandique
1391 1932 1637 1977 materiam.

153 2006 175 2038 4
202 1995 464 2055 Indignum,
497 1995 650 2053 credo,
692 1996 733 2040 ei
772 1996 919 2040 visum
960 1995 1013 2039 ab
1053 1995 1236 2040 homine
1275 1995 1388 2054 peti,
1432 1995 1552 2053 quod
1592 1995 1638 2039 di

203 2058 440 2103 dedissent.
507 2057 645 2103 Soror
677 2058 783 2103 estis
818 2061 863 2102 et
894 2059 1050 2116 frater,
1078 2073 1185 2103 avus
1221 2060 1266 2103 et
1290 2060 1500 2116 nepotes:
1527 2058 1635 2116 quid
1663 2073 1701 2101 3⁰

203 2124 270 2166 est
304 2137 436 2181 erg0,
470 2137 549 2166 cur
572 2122 761 2181 rogetis,
789 2124 840 2165 ut
867 2121 995 2166 sitis?
1047 2121 1189 2166 Vobis
1217 2121 1342 2179 estis,
1370 2121 1527 2180 quibus
1553 2136 1635 2179 pro

304 2224 323 2256 7
360 2219 567 2266 aequitas?
598 2219 711 2270 (an)
743 2232 822 2257 non
856 2220 1020 2256 eadem?
1052 2221 1194 2257 Baehr.
1375 2222 1421 2256 19
1454 2219 1636 2267 permisit

203 2270 404 2316 Schwarz„
433 2270 627 2307 concessit
655 2271 707 2307 K.
724 2271 782 2307 ΙΙ.
963 2273 1009 2306 30
1038 2282 1146 2308 soror
1172 2271 1319 2316 Livin„
1347 2270 1399 2307 K.
1415 2270 1450 2315 1,
1478 2270 1634 2315 Baehr„

204 2321 355 2366 Muell.‚
382 2332 532 2357 sorores
559 2321 682 2366 codd„
712 2322 764 2358 K.
780 2322 838 2358 ΙΙ.
944 2320 1017 2357 31*
1042 2321 1151 2358 vobis
1180 2320 1274 2357 estis
1302 2319 1370 2367 qui
1396 2320 1517 2366 codd„
1543 2319 1629 2356 vob.
1701 2363 1703 2366 .

204 2371 309 2407 estis.
332 2371 462 2415 Quid?
484 2372 536 2408 K.
552 2372 587 2417 Ι,
613 2370 700 2408 vob.
723 2371 828 2407 estis.
853 2370 1006 2418 Quippe
1029 2372 1081 2408 K.
1097 2372 1156 2417 ΙΙ,
1183 2370 1293 2407 vobis
1315 2369 1489 2420 <ad>est
1509 2370 1542 2406 is
1564 2370 1633 2417 qui

204 2421 358 2466 Raehr„
386 2421 514 2458 Testis
540 2420 651 2458 vobis
679 2423 739 2458 est
764 2422 811 2466 is,
840 2421 907 2467 qui
935 2421 955 2458 ,9
977 2422 1127 2467 Muell„
1153 2421 1264 2458 vobis
1292 2421 1399 2466 estis,
1428 2419 1633 2470 qui<bus>

204 2482 288 2518 69oe
314 2475 410 2508 recte
437 2473 595 2518 interpr.
618 2476 671 2508 est
690 2472 871 2518 Lipsius:
893 2469 944 2508 ‘et
972 2473 1059 2508 estis
1084 2472 1227 2517 fratres
1253 2475 1287 2508 et
1306 2471 1410 2508 vobis
1430 2471 1530 2516 estis,
1556 2482 1634 2508 non

203 2521 317 2566 fiseo?
