1716 2742
217 140 304 184 176
826 131 866 169 e.
895 130 1033 168 PLlNl

163 265 184 298 2
213 253 406 297 maxime
439 250 646 307 funebre,
677 248 936 293 debebatur.
1003 246 1242 291 Praeterea
1267 247 1398 291 tanto
1426 259 1653 291 consensu

212 314 463 375 rogabaris,
487 316 539 358 ut
564 327 728 372 negare
748 327 842 356 non
863 313 1089 367 constans,
1117 309 1196 354 sed
1216 307 1382 354 durum
1408 307 1652 354 videretur.

212 378 330 424 Illud
366 392 544 435 quoque
577 375 776 435 egregie,
821 374 942 432 quod
976 376 1070 418 tam
1110 371 1278 431 facilis,
1321 374 1418 417 tam
1450 371 1654 418 liberalis

165 455 185 488 3
213 443 261 486 in
288 440 456 486 edendo
485 439 623 485 fuisti.
688 437 808 483 Nam
835 453 917 496 per
948 437 1061 482 haec
1088 436 1226 481 etiam
1253 449 1447 496 magnus
1475 435 1654 481 am'mus

214 503 474 550 ostenditur.
527 501 700 547 Vellem
729 501 988 558 Africanae,
1024 515 1136 558 quas
1164 503 1394 545 coemeras
1421 499 1655 558 plurimas,
1683 511 1701 540 5

212 568 266 612 ad
318 566 605 625 praefinitum
658 565 776 610 diem
830 563 1150 609 occurrissent:
1203 562 1304 622 sed,
1354 562 1464 608 licet
1512 577 1656 608 cessa-

211 631 358 675 verint
391 630 494 674 illae
521 631 791 687 tempestate
819 628 1046 685 detentae,
1079 629 1131 671 tu
1158 628 1312 672 tamen
1344 625 1571 685 meruisti,
1603 628 1657 671 ut

212 696 445 751 acceptum
477 692 563 737 tibi
596 692 742 750 fieret,
788 691 910 750 quod
948 706 1038 748 quo
1080 691 1230 735 minus
1265 689 1522 749 exhiberes,
1562 704 1656 735 non

211 773 290 815 per
322 760 377 801 te·
401 756 536 802 stetit.
590 755 716 800 Vale.

475 985 525 1035 C.
559 985 746 1035 PLINI
788 984 1052 1035 OAEOILI
1095 981 1429 1035 SECUNDI'
1687 1005 1716 1036 ια

430 1099 487 1166 Ε
522 1098 580 1166 P
613 1099 649 1166 I
684 1097 728 1167 S
764 1099 820 1166 Τ
855 1098 921 1167 U
956 1098 1013 1166 L
1048 1099 1118 1166 A
1151 1098 1219 1167 R
1253 1098 1320 1167 U
1354 1097 1435 1165 M

660 1222 847 1267 LIBER
881 1221 1200 1269 SEPTIMUS.

196 1394 422 1464 ωηο
451 1391 588 1466 4072
622 1387 751 1438 :sam
917 1391 949 1431 1.

582 1481 624 1514 C.
646 1481 854 1516 PLINIUS
883 1481 1082 1516 GEMINO
1112 1482 1210 1517 SUO
1240 1480 1280 1517 S.

167 1561 184 1593 1
301 1550 458 1595 Terret
503 1566 573 1595 me
619 1551 729 1596 haec
782 1555 861 1596 tua
913 1555 1007 1597 tam
1054 1552 1266 1611 pertinax
1311 1551 1526 1598 valetudo
1535 1586 1546 1610 ,
1601 1554 1659 1610 et,
1687 1568 1716 1599 ιι

215 1627 487 1670 quamquam
508 1616 552 1658 te
572 1615 1038 1673 temperantissimum
1059 1615 1286 1674 noverim,
1312 1630 1471 1660 vereor
1490 1618 1659 1673 tamen,

166 1686 187 1719 2
215 1691 271 1719 ne
306 1676 413 1732 quid
446 1676 514 1720 illi
548 1678 683 1721 etiam
717 1678 764 1722 in
798 1694 945 1723 mores
979 1682 1083 1724 tuos
1117 1678 1263 1724 liceat.
1331 1677 1529 1723 Proinde
1562 1693 1658 1723 mo-

215 1753 320 1795 neo,
363 1739 586 1796 patienter
629 1740 830 1786 resistas:
876 1743 964 1787 hoc
1009 1742 1258 1800 laudabile,
1311 1741 1400 1787 hoc
1447 1741 1657 1787 salutare.

167 1811 188 1844 3
217 1799 432 1846 Admittit
464 1802 661 1847 humana
687 1807 865 1863 natura,
902 1806 1023 1864 quod
1052 1806 1231 1851 suadeo.
1298 1804 1402 1865 Ipse
1436 1808 1558 1851 certe
1592 1805 1658 1850 sic

217 1879 348 1922 agere
381 1879 515 1909 sanus
550 1880 651 1910 cum
692 1868 803 1911 meis
845 1869 987 1913 soleo:
1029 1867 1193 1928 ‘Spero
1229 1868 1433 1928 quidem,
1467 1869 1507 1914 si
1539 1868 1658 1914 forte
1686 1885 1716 1918 ιι

216 1927 264 1970 in
298 1927 529 1971 adversam
569 1930 872 1976 valetudinem
914 1932 1135 1991 incidero,
1178 1932 1297 1977 nihil
1330 1947 1402 1978 me
1436 1931 1659 1978 desidera-

216 1992 369 2033 turum
408 1991 482 2034 vel
526 1991 697 2049 pudore
738 1994 810 2037 vel
849 1995 1127 2052 paenitentia
1173 1995 1385 2056 dignum3
1432 1995 1472 2042 si
1504 1998 1660 2041 tamen

218 2053 496 2109 superaverit
528 2055 732 2111 morbus,
765 2056 1001 2117 denuntio,
1034 2074 1091 2103 ne
1126 2059 1237 2118 quid
1270 2059 1384 2104 mihi
1418 2058 1535 2105 detis
1568 2058 1658 2104 nisi

217 2115 583 2172 permittentibus
612 2118 796 2163 medicis
832 2120 1092 2180 sciatisque,
1127 2123 1166 2167 si
1200 2122 1434 2182 dederitis,
1468 2122 1534 2168 ita
1559 2122 1660 2167 vin-

167 2188 189 2220 4
218 2177 488 2236 dicaturum,
516 2182 566 2223 ut
593 2181 740 2225 solent
767 2182 863 2240 alii,
897 2199 1010 2242 quae
1046 2185 1306 2246 negantur'.
1359 2184 1482 2240 Quin
1507 2185 1660 2244 etiam,
1685 2201 1716 2233 πε

217 2255 320 2285 cum
372 2245 581 2299 perustus
644 2243 957 2291 ardentissima
1018 2247 1143 2293 febre
1204 2249 1389 2294 tandem
1441 2248 1658 2294 remissus
1714 2276 1716 2278 ·

216 2306 469 2362 unctusque
503 2305 751 2364 acciperem
786 2324 811 2351 a
844 2310 1017 2355 medico
1052 2312 1306 2370 potionem,
1347 2312 1532 2371 porrexi
1565 2313 1657 2357 ma·

216 2382 349 2424 num,
382 2369 521 2424 utque
549 2370 773 2428 tangeret,
807 2370 900 2416 dixi
927 2373 1251 2433 admotumque
1279 2375 1370 2420 iam
1401 2375 1544 2421 labris
1578 2390 1658 2434 po·
1687 2410 1716 2431 ,ς

167 2440 189 2472 5
218 2429 370 2474 culum
403 2430 585 2475 reddidi.
662 2431 825 2478 Postea
859 2450 962 2480 cum
995 2437 1242 2483 vicensimo
1277 2438 1552 2484 valetudinis
1586 2437 1658 2483 die
1713 2436 1716 2441 ’

320 2532 339 2564 7
368 2527 439 2565 illa
460 2541 502 2576 p.
