1716 2742
181 145 272 189 342
792 141 831 178 o,
860 141 998 178 PLINI

178 272 299 302 ceres
331 257 463 315 plebe
495 257 702 315 neglecta
739 259 791 301 ut
824 257 1052 302 desectum
1092 271 1279 314 corpore
1313 259 1448 315 caput
1478 260 1607 302 nuta-

129 332 148 364 7
175 323 417 378 turumque
442 319 646 364 instabili
666 319 863 378 pondere
888 323 1051 364 tuetur.
1085 318 1236 364 Facile
1257 322 1325 364 est
1345 320 1607 379 coniectare,

177 383 297 441 quod
323 383 572 441 perceperis
600 382 833 442 gaudium,
860 398 963 427 cum
989 385 1034 427 te
1060 384 1315 441 parentum,
1348 382 1607 454 liberorum,

176 461 344 503 senum,
366 445 619 503 infantium,
641 445 924 516 [puerorum]
936 446 1107 490 clamor
1121 445 1354 503 exciperet.
1382 445 1506 491 Haec
1518 446 1608 504 pri-

174 524 249 552 ma
266 509 558 566 parvulorum
586 509 753 553 civium
775 523 864 553 vox
884 524 1011 553 aures
1031 510 1132 552 tuas
1159 508 1340 567 imbuit,
1375 509 1536 567 quibus
1557 511 1608 553 tu
1635 519 1651 547 ⁵

177 571 361 616 daturus
383 572 596 616 alimenta
615 572 702 616 hoc
723 571 971 616 maximum
990 570 1276 629 praestitisti,
1307 587 1364 616 ne
1383 575 1607 631 rogarent.

101 631 159 678 27
269 632 414 692 Super
453 634 604 679 omnia
642 637 710 679 est
741 637 911 692 tamen,
954 634 1074 692 quod
1113 634 1217 679 talis
1251 650 1318 692 es,
1356 636 1408 679 111
1446 634 1530 679 sub
1562 637 1608 679 te

172 696 339 742 liberos
371 697 530 742 tollere
556 697 715 755 libeat,
749 697 968 756 expediat.
1032 696 1180 742 Nemo
1208 697 1298 741 iam
1323 712 1484 755 parens
1510 697 1607 742 filio

172 760 261 804 nisi
293 760 553 819 fragilitatis
580 761 803 805 humanae
830 760 948 805 vices
975 760 1150 819 horret,
1181 775 1264 805 nec
1290 760 1409 805 inter
1434 760 1608 805 insana-

171 823 284 867 biles
311 823 492 868 morbos
521 823 738 882 principis
765 824 833 867 ira
857 826 1130 868 numeratur.
1189 823 1404 883 Magnum
1426 822 1608 882 quidem
1635 834 1672 862 10

173 888 241 930 est
273 885 491 930 educandi
525 886 867 932 incitamentum
899 887 1058 931 tollere
1089 886 1256 931 liberos
1290 887 1338 930 in
1371 901 1497 945 spem
1530 886 1609 931 ali-

173 951 452 1004 mentorum,
479 949 526 993 in
547 964 671 1008 spem
694 949 1048 1009 congiariorum,
1077 949 1221 994 maius
1241 951 1394 994 tamen
1413 949 1462 994 in
1482 965 1608 1008 spem

123 1023 144 1055 2
172 1011 414 1070 libertatis,
433 1012 481 1056 in
502 1028 627 1070 spem
648 1012 915 1058 securitatis.
950 1011 1101 1070 Atque
1123 1012 1233 1057 adeo
1253 1011 1370 1056 nihil
1387 1012 1608 1072 largiatur

172 1075 401 1133 princeps,
434 1075 540 1119 dum
573 1075 689 1120 nihil
722 1075 912 1134 auferat,
950 1091 1043 1120 non
1077 1075 1187 1133 alat,
1226 1075 1333 1119 dum
1366 1090 1460 1120 non
1492 1075 1607 1120 occi-

173 1137 267 1195 dat3
304 1153 389 1183 nec
422 1138 626 1197 deerunt,
661 1138 739 1197 qui
771 1138 890 1183 filios
925 1138 1256 1197 concupiscant.
1323 1137 1490 1183 Contra
1521 1139 1606 1182 lar·
1633 1149 1669 1177 1⁵

173 1200 323 1259 giatur
342 1203 388 1244 et
414 1201 604 1260 auferat,
631 1203 724 1246 alat
744 1204 790 1246 et
810 1201 1002 1246 occidat:
1028 1217 1085 1246 ne
1111 1202 1187 1246 ille
1208 1201 1254 1245 id
1280 1203 1456 1246 tantum
1482 1201 1607 1246 brevi

170 1266 374 1321 tempore
407 1264 620 1322 effecerit,
651 1267 703 1309 ut
730 1280 884 1309 omnes
910 1280 1004 1309 non
1029 1267 1314 1323 posterorum
1341 1263 1496 1322 modo,
1528 1263 1606 1309 sed

121 1337 142 1370 3
171 1326 241 1370 sui
280 1329 607 1384 parentumque
647 1327 885 1386 paeniteat.
959 1326 1179 1380 Quocirca
1216 1326 1332 1371 nihil
1370 1327 1515 1387 magis
1557 1327 1606 1371 in

170 1391 248 1433 tua
268 1389 404 1448 [tota]
425 1389 696 1435 liberalitate
715 1390 1010 1446 laudaverim,
1033 1405 1167 1448 quam
1183 1389 1303 1448 quod
1324 1390 1604 1450 congiarium

170 1452 247 1496 das
279 1452 332 1497 de
362 1455 463 1510 tuo,
501 1453 715 1498 alimenta
752 1453 806 1497 de
838 1456 936 1511 tuo,
969 1468 1115 1511 neque
1149 1469 1175 1497 a
1203 1455 1248 1498 te
1276 1452 1409 1498 liberi
1438 1452 1604 1498 civium
1630 1463 1668 1491 20

169 1518 220 1559 ut
264 1515 461 1560 ferarum
515 1516 655 1561 catuli
701 1517 919 1576 sanguine
971 1518 1017 1561 et
1068 1515 1279 1561 caedibus
1324 1516 1604 1574 nutriuntur3

119 1590 142 1623 4
170 1578 380 1637 quodque
407 1579 714 1638 gratissimum
742 1583 810 1624 est
836 1578 1181 1637 accipientibus,
1208 1578 1354 1624 sciunt
1381 1579 1478 1624 dari
1504 1578 1603 1636 sibi,

169 1641 289 1699 quod
328 1642 498 1686 nemini
536 1645 603 1687 est
642 1644 867 1701 ereptum,
903 1642 1281 1700 locuple-tatisque
1314 1644 1407 1686 tam
1446 1642 1602 1686 multis

165 1705 479 1762 pauperiorem
506 1721 601 1750 esse
627 1706 797 1751 factum
823 1705 1074 1764 principem
1098 1707 1295 1764 tantum3
1330 1720 1601 1764 quamquam

165 1783 221 1812 ne
242 1767 364 1812 hunc
385 1768 579 1826 quidem.
621 1768 761 1826 Nam,
782 1769 909 1813 cuius
931 1771 1018 1826 est,
1045 1768 1264 1826 quidquid
1291 1771 1360 1813 est
1386 1767 1602 1825 omnium,
1628 1780 1664 1809 25

165 1833 342 1875 tantum
376 1831 472 1888 ipse
506 1834 724 1889 quantum
759 1847 913 1876 omnes
947 1831 1094 1876 habet.

89 1890 150 1939 28
258 1892 363 1938 Alio
398 1910 469 1939 me
503 1898 636 1939 vocat
674 1910 914 1940 numerosa
947 1894 1092 1953 gloria
1124 1896 1213 1938 tua.
1279 1892 1385 1939 Alio
1419 1893 1606 1946 autem?-

164 1957 293 2015 quasi
325 1972 431 2001 vero
465 1957 555 2001 iam
596 1958 704 2003 satis
738 1960 975 2003 veneratus
1016 1957 1292 2016 miratusque
1333 1957 1437 2014 sim,
1478 1956 1600 2015 quod

161 2022 334 2064 tantam
365 2020 603 2077 pecuniam
637 2020 898 2079 profudisti,
941 2036 1034 2065 non
1074 2022 1127 2064 ut
1165 2019 1329 2079 flagitii
1369 2019 1454 2065 tibi
1496 2034 1599 2065 con-

162 2083 280 2127 scius
315 2083 370 2127 ab
404 2083 698 2128 insectatione
733 2084 827 2128 eius
861 2086 1082 2129 averteres
1109 2083 1297 2141 famam,
1327 2098 1412 2128 nec
1443 2085 1496 2128 ut
1521 2082 1599 2127 tri-
1625 2096 1663 2124 80
1712 2120 1716 2132 2

264 2236 283 2268 1
313 2232 514 2269 defectum
540 2233 637 2270 mell.
660 2233 781 2279 codd,
810 2233 862 2270 K.
878 2234 912 2270 Ι.
1066 2236 1089 2269 4
1116 2243 1327 2280 puerorum
1354 2243 1426 2270 om.
1446 2230 1497 2278 A,
1524 2231 1596 2269 del.

163 2281 304 2320 Baehr.
315 2294 356 2330 p
373 2283 520 2329 XXII,
538 2294 761 2330 puerorum,
779 2282 1061 2341 (puellarum)
1078 2282 1234 2331 Sauppe
1247 2283 1348 2321 Phil.
1365 2261 1497 2319 XXX
1510 2284 1594 2319 134.

218 2331 303 2369 ‘id
319 2334 478 2370 tantum
505 2345 582 2382 690,
610 2333 659 2380 cf.
679 2345 717 2380 p.
739 2336 825 2379 337,
845 2336 907 2379 25,
934 2333 977 2370 in
995 2334 1080 2370 tam
1100 2334 1159 2371 vel
1178 2333 1301 2370 vitam
1327 2332 1447 2378 codd„
1474 2332 1595 2369 etiam

161 2382 361 2428 Schwarz„
398 2384 451 2421 K.
467 2385 501 2429 1,
537 2383 618 2420 iam
649 2383 817 2430 Gesner,
855 2385 906 2422 K.
923 2385 983 2430 II,
1021 2394 1141 2431 quam
1168 2384 1362 2429 Buclmer,
1387 2361 1488 2419 mi’hi
1513 2382 1595 2419 iam

161 2433 316 2479 Baehr„
344 2413 403 2470 ita
430 2434 560 2480 Behr„
588 2434 778 2480 Schnelle,
805 2434 1006 2471 miseriam
1028 2434 1190 2480 Bwrkh„
1217 2433 1323 2471 idem
1343 2433 1496 2480 Muell„
1523 2433 1594 2471 del.

161 2482 311 2521 Novak.
416 2487 462 2521 19
489 2485 575 2521 tota
595 2484 656 2531 M,
677 2485 792 2533 υτιΖ9.,
813 2496 884 2522 om.
900 2484 969 2531 B',
990 2486 1060 2521 tua
1083 2495 1153 2522 om.
1172 2483 1215 2530 O,
1234 2484 1307 2520 tua
1324 2483 1416 2520 tuta
1436 2483 1593 2529 Baehr„

161 2531 209 2578 cf.
232 2533 380 2570 Burkh.
399 2544 437 2580 p.
463 2537 548 2572 172.
