1716 2742
142 458 161 491 1

195 170 283 215 180
804 164 842 202 O.
871 163 1009 201 PLINI

879 284 929 324 V.

480 362 521 396 C.
545 361 750 396 PLINIUS
774 360 1102 395 CALPURNIAE
1132 359 1264 394 SUAE
1295 359 1334 395 S.

283 434 548 479 Incredibile
595 437 680 490 est,
735 435 906 491 quanto
955 431 1177 477 desiderio
1228 431 1298 476 tui
1343 434 1510 477 tenear.
1576 430 1632 477 In

191 514 324 543 causa
367 513 494 541 amor
540 498 758 555 primum,
793 496 953 540 deinde
1000 494 1123 554 quod
1170 509 1264 540 non
1310 496 1630 547 consuevimus

190 562 352 606 abesse.
418 559 527 604 Inde
568 563 655 617 est,
697 559 818 617 quod
858 574 1070 618 magnam
1116 558 1321 603 noctium
1364 561 1542 618 partem
1582 559 1631 604 in

189 624 383 683 imagine
417 626 495 668 tua
534 623 648 683 vigil
681 624 834 682 exigo,
874 622 998 680 inde,
1040 621 1162 679 quod
1203 621 1423 680 interdiu,
1463 622 1631 681 quibus

188 687 310 731 horis
344 689 388 731 te
427 687 571 731 visere
605 686 823 744 solebam,
858 686 914 730 ad
948 685 1143 730 diaetam
1179 687 1306 730 tuam
1338 684 1429 744 ipsi
1461 701 1547 745 me,
1579 689 1632 731 ut

187 750 416 795 verissime
460 749 644 807 dicitur,
689 750 824 807 pedes
866 749 1058 806 ducunt,
1099 748 1221 806 quod
1262 749 1458 807 denique
1498 764 1633 810 aeger

188 817 232 857 et
264 816 461 857 maestus
503 828 555 857 ac
595 813 754 857 similis
795 813 979 858 excluso
1020 828 1046 856 a
1079 826 1223 857 vacuo
1263 811 1423 858 limine
1455 812 1631 859 recedo.

187 876 339 921 Unum
372 879 552 934 tempus
594 876 664 921 his
703 876 942 920 tormentis
977 878 1118 934 caret,
1160 890 1250 934 quo
1292 875 1340 920 in
1379 875 1481 921 foro
1522 877 1631 921 ami-

189 955 344 984 corum
384 939 541 984 litibus
582 942 800 984 conteror.
868 938 1074 984 Aestima
1120 941 1192 997 tu,
1239 954 1356 998 quae
1394 939 1491 985 vita
1529 955 1630 985 mea

189 1003 267 1060 sit,
292 1002 365 1047 cui
391 1003 568 1060 requies
597 1003 642 1046 in
669 1002 844 1060 labore,
871 1003 917 1046 in
945 1002 1128 1047 miseria
1155 1002 1366 1060 curisque
1394 1003 1628 1049 solacium.

187 1065 310 1110 Vale.

281 1170 283 1173 Α
533 1133 611 1163 ‘²0
864 1133 935 1173 VI.

541 1210 584 1243 (J,
606 1210 812 1243 PLINIUS
839 1209 1071 1245 MACRINO
1101 1210 1198 1244 SUO
1228 1209 1267 1245 S.

280 1280 398 1325 Rara
431 1285 476 1326 et
508 1282 722 1326 notabilis
756 1298 826 1326 res
854 1281 1035 1327 Vareno
1070 1283 1287 1342 contigit,
1321 1282 1381 1327 sit
1413 1281 1522 1327 licet
1555 1282 1631 1327 ad-

187 1343 275 1388 huc
314 1344 461 1389 dubia.
526 1345 714 1403 Bithyni
755 1346 1089 1390 accusationem
1131 1346 1228 1391 eius
1267 1348 1321 1391 ut
1351 1347 1522 1391 temere
1560 1346 1631 1390 in-

187 1406 394 1452 choatam
441 1408 644 1453 omisisse
696 1411 948 1453 narrantur.
1013 1409 1271 1455 Narrantur
1322 1409 1444 1454 dico:
1503 1408 1632 1454 adest

187 1470 443 1527 provinciae
485 1472 679 1530 legatus,
724 1473 879 1516 attulit
922 1473 1154 1518 decretum
1198 1472 1383 1518 concilii
1425 1472 1482 1518 ad
1523 1470 1630 1518 an-

189 1549 351 1590 sarem,
385 1535 538 1579 attulit
571 1534 626 1579 ad
660 1536 827 1580 multos
862 1536 1090 1595 principes
1123 1536 1268 1595 viros,
1301 1535 1458 1582 attulit
1490 1535 1627 1581 etiam

189 1596 243 1639 ad
285 1612 386 1654 nos,
438 1597 606 1642 Vareni
648 1598 904 1644 advocatos.
970 1598 1152 1644 Perstat
1193 1602 1348 1646 tamen
1390 1598 1510 1644 idem
1552 1599 1630 1645 ille

189 1657 400 1717 Magnus3
441 1660 550 1717 quin
583 1661 718 1706 etiam
752 1661 1019 1722 Nigrinum,
1059 1663 1286 1722 optimum
1319 1662 1490 1722 virum,
1528 1678 1629 1722 per-

189 1721 463 1767 tinacissime
491 1727 678 1770 exercet.
744 1724 830 1770 Per
855 1725 978 1771 hunc
1006 1743 1033 1771 a
1059 1726 1324 1772 consulibus
1351 1726 1631 1785 postulabat,

187 1786 239 1827 ut
280 1783 484 1830 Varenus
528 1787 736 1832 exhibere
779 1789 977 1835 rationes
1019 1792 1269 1850 cogeretur.
1335 1788 1628 1835 Adsistebam

189 1845 369 1891 Vareno
415 1849 504 1892 iam
545 1853 720 1895 tantum
760 1855 812 1897 ut
852 1853 1023 1898 amicus
1065 1856 1111 1898 et
1142 1855 1293 1898 tacere
1327 1853 1627 1898 decreveram.

187 1907 316 1954 Nihil
348 1911 467 1955 enim
506 1915 599 1957 tam
639 1916 933 1974 contrarium,
975 1932 1112 1975 quam
1147 1916 1186 1962 si
1220 1916 1468 1963 advocatus
1502 1932 1530 1961 a
1561 1932 1627 1962 se-

187 1974 297 2016 natu
339 1973 469 2018 datus
513 1975 794 2022 defenderem
836 1982 888 2023 ut
927 1996 1073 2037 reum,
1116 1980 1191 2025 cui
1231 1995 1347 2039 opus
1391 1982 1527 2038 esset,
1571 1995 1627 2025 ne

189 2050 289 2080 reus
323 2036 559 2082 videretur.
625 2038 735 2084 Cum
770 2044 922 2087 tamen
948 2043 1078 2087 finita
1104 2044 1415 2102 postulatione
1441 2042 1627 2103 Nigrini

190 2099 396 2143 consules
436 2100 492 2144 ad
531 2117 602 2145 me
654 2104 808 2149 oculos
854 2106 1133 2164 retulissent,
1178 2106 1386 2152 ‘scietis’
1438 2107 1625 2165 inquam

191 2159 419 2206 ‘constare
450 2164 581 2208 nobis
619 2165 786 2210 silentii
812 2169 956 2213 nostri
983 2170 1226 2226 rationem,
1261 2186 1364 2215 cum
1399 2185 1531 2215 veros
1564 2170 1626 2215 le·

190 2225 319 2281 gatos
369 2226 628 2282 provinciae
677 2230 907 2275 audieritis
921 2232 944 2274 '.
1019 2232 1188 2278 Contra
1235 2232 1483 2294 Nigrinus:
1536 2232 1627 2278 ‘Ad

190 2300 323 2343 quem
364 2288 491 2332 missi
530 2291 686 2341 su,nt‘?'
738 2292 855 2352 Ego:
897 2294 983 2339 eAd
1024 2312 1095 2340 me
1130 2312 1330 2355 quoque3
1373 2296 1526 2342 habeo.
1553 2296 1626 2341 de-

389 1140 421 1173 V.

469 1128 514 1184 κεῖ

1659 891 1696 934 10.

1659 1219 1695 1249 1⁶

1656 1550 1694 1578 20

1654 1866 1692 1895 2⁶

290 2415 311 2448 6
334 2411 491 2459 vigilem
512 2414 553 2451 1)
560 2426 590 2461 p
600 2427 630 2451 r.
715 2420 760 2452 10
782 2417 821 2453 et
836 2423 925 2464 post
944 2419 1027 2456 foro
1049 2420 1139 2457 add.
1162 2421 1204 2457 D
1212 2432 1326 2468 pra,
1352 2420 1450 2467 Otto,
1471 2420 1624 2466 Muell„
1688 2460 1693 2462 ,

188 2471 258 2497 om.
287 2462 347 2507 M,
375 2463 440 2508 Κ,
468 2464 589 2502 Merr.
746 2470 792 2503 18
819 2467 932 2506 dico?
965 2471 1081 2519 vulq„
1108 2470 1215 2516 di003
1252 2471 1391 2509 Muell.
1419 2470 1487 2518 (cf.
1514 2470 1626 2519 infra

189 2510 258 2547 IX
277 2514 336 2557 12,
357 2516 378 2548 1
401 2517 436 2550 et
455 2514 544 2551 adn.
567 2516 650 2553 crit.
672 2516 725 2553 ad
746 2517 822 2555 Cic.
840 2519 920 2556 Att.
943 2531 983 2566 p.
1007 2523 1094 2566 514,
1115 2524 1194 2568 13).
1300 2525 1346 2558 27
1376 2522 1481 2559 esset
1501 2520 1622 2559 etiam
1698 2535 1700 2538 ’

186 2571 236 2597 ne
263 2561 347 2607 Dr,
375 2565 477 2600 esset
502 2565 635 2602 tamen
663 2577 709 2603 ne
737 2566 874 2616 Stanyl
901 2570 967 2616 (ct'.
1002 2571 1090 2608 Tae.
1119 2572 1224 2609 Anu.
1249 2572 1369 2609 XIII
1393 2574 1470 2619 17).
