1716 2742
223 127 310 192 186
829 139 867 177 C.
897 139 1035 176 PLINI

165 2133 182 2165 1

162 2384 182 2417 2

220 259 435 304 Corelliae
462 258 691 303 addixerit.
744 255 900 301 Adicis
927 256 1010 300 hos
1037 254 1281 315 nongentis
1310 255 1494 300 milibus
1521 269 1655 314 posse

218 323 368 367 venire
402 337 453 366 ac
484 323 610 365 tanto
644 319 789 379 magis
817 319 1012 378 quaeris,
1047 334 1128 376 an,
1161 318 1284 376 quod
1311 318 1473 379 gessit,
1503 320 1655 363 ratum

219 401 399 430 servem.
464 384 564 444 Ego
610 398 716 428 vero
761 397 909 427 servo:
963 382 1127 440 quibus
1174 397 1230 426 ex
1275 381 1442 440 causis,
1488 380 1654 440 accipe.

220 448 361 506 Cupio
396 447 514 492 enim
548 449 592 491 et
625 446 709 491 tibi
748 446 990 504 probatum
1024 448 1069 490 et
1103 444 1400 490 coheredibus
1434 445 1547 490 meis
1581 459 1655 490 ex-

217 514 419 556 cusatum
453 525 568 567 esse,
603 509 723 567 quod
756 525 828 553 me
861 509 916 553 ab
951 508 1042 553 illis
1077 508 1248 553 maiore
1281 507 1436 554 officio
1470 507 1655 553 iubente

217 588 410 619 secerno.

309 635 547 681 Corelliam
581 651 684 680 cum
719 650 894 680 summa
925 634 1178 680 reverentia
1205 634 1347 696 diligo
1375 634 1576 694 primum
1603 637 1655 679 ut

216 715 412 744 sororem
448 698 614 744 Corelli
648 698 774 757 Rufi,
807 699 933 743 cuius
968 698 1081 742 mihi
1114 698 1335 743 memoria
1367 700 1656 744 sacrosancta

215 766 299 820 est,
333 762 492 807 deinde
525 765 578 807 ut
603 762 737 807 matri
764 777 889 806 meae
915 761 1330 807 familiarissimam.
1396 759 1516 807 Sunt
1541 760 1655 806 mihi

214 828 258 870 et
310 841 412 870 cum
459 826 627 877 marito
681 825 798 883 eine,
855 824 1042 870 Minicio
1103 823 1251 884 Iusto,
1311 825 1487 884 optimo
1539 823 1654 883 viro,

213 891 363 933 vetera
395 889 515 947 iura3
560 889 745 933 fuerunt
785 891 829 933 et
869 904 972 933 cum
1013 888 1109 933 filio
1145 889 1363 948 maxima,
1409 887 1522 934 adeo
1557 888 1654 947 qui-

213 952 332 1010 dem,
366 955 417 996 ut
436 955 642 1010 praetore
663 968 733 996 me
754 951 873 996 ludis
894 952 1007 996 meis
1028 951 1316 1010 praesederit.
1369 951 1517 1011 Haec,
1549 967 1653 998 cum

213 1015 417 1073 proxime
438 1015 542 1060 istic
561 1015 646 1073 fui,
680 1015 898 1060 indicavit
924 1015 1036 1059 mihi
1065 1031 1229 1074 cupere
1257 1031 1304 1061 se
1332 1015 1506 1075 aliquid
1533 1015 1655 1061 circa

213 1077 395 1122 Larium
428 1081 634 1123 nostrum
666 1079 907 1136 possidere.
974 1078 1075 1139 Ego
1110 1079 1179 1124 illi
1213 1094 1268 1124 ex
1295 1078 1493 1138 praediis
1528 1079 1654 1137 meis,

214 1141 332 1199 quod
372 1141 508 1186 vellet
547 1144 590 1186 et
630 1142 786 1199 quanti
819 1142 973 1200 vellet,
1021 1141 1168 1187 obtuli
1201 1143 1402 1202 exceptis
1436 1142 1653 1188 maternis

212 1204 522 1263 paternisque3
555 1204 624 1249 his
659 1205 778 1249 enim
812 1205 967 1250 cedere
999 1221 1056 1250 ne
1085 1204 1306 1252 Corelliae
1334 1205 1517 1265 quidem
1550 1220 1654 1264 pos·

213 1283 324 1311 sum.
389 1265 553 1327 Igitur,
598 1283 699 1312 cum
739 1268 996 1313 obvenisset
1036 1269 1149 1314 mihi
1188 1269 1437 1328 hereditas,
1481 1269 1531 1314 in
1565 1283 1655 1328 qua

213 1330 395 1387 praedia
426 1331 532 1389 ista,
573 1331 732 1390 scripsi
775 1332 815 1376 ei
855 1332 1032 1376 venalia
1071 1332 1237 1378 futura.
1303 1331 1399 1378 Has
1433 1332 1653 1392 epistulas

194 1392 399 1438 ·Hermes
433 1394 541 1439 tulit
580 1395 887 1454 exigentique‚
928 1398 980 1440 ut
1019 1397 1174 1441 statim
1208 1395 1467 1456 portionem
1506 1411 1654 1442 meam

213 1455 299 1500 sibi
344 1457 586 1515 addiceret,
643 1458 805 1516 paruit.
872 1458 1030 1517 Vides,
1084 1475 1221 1518 quam
1267 1463 1417 1505 ratum
1457 1459 1652 1505 ‘debeam

213 1518 392 1577 habere,
416 1520 536 1578 quod
552 1521 741 1567 libertus
757 1537 882 1567 meus
898 1523 1009 1567 meis
1022 1523 1225 1569 moribus
1241 1523 1394 1584 gessit.
1424 1521 1653 1582 Superest,

215 1584 265 1625 ut
298 1582 535 1628 coheredes
571 1600 713 1642 aequo
748 1586 899 1630 animo
934 1585 1082 1631 ferant
1115 1587 1359 1646 separatim
1393 1602 1466 1632 me
1499 1586 1653 1632 vendi-

216 1644 349 1701 disse,
384 1647 502 1703 quod
529 1647 640 1692 mihi
666 1648 796 1693 licuit
823 1648 1008 1694 omnino
1035 1660 1130 1695 non
1156 1650 1359 1696 vendere.
1420 1649 1519 1696 Nec
1545 1665 1653 1695 vero

1681 838 1716 867 1⁰

1683 1155 1716 1184 15

1681 1472 1716 1501 20

216 1710 439 1766 coguntur
490 1710 657 1755 imitari
710 1727 859 1756 meum
913 1713 1193 1772 exemplum3
1252 1729 1346 1759 non
1392 1713 1513 1758 enim
1560 1712 1688 1767 illis,

215 1770 369 1814 eadem
404 1786 504 1815 cum
534 1772 725 1818 Corellia
751 1775 859 1819 iura.
927 1774 1126 1821 Possunt
1152 1792 1261 1837 ergo
1289 1776 1456 1822 intueri
1483 1777 1653 1822 utilita-

214 1836 305 1876 tem
340 1848 484 1891 suam,
517 1851 597 1893 pro
633 1852 720 1895 qua
754 1837 864 1882 mihi
897 1838 986 1883 fuit
1019 1840 1229 1885 amicitia.
1296 1840 1423 1886 Vale.

886 1957 979 1997 XII.

559 2031 627 2075 lt.
650 2043 854 2077 PLINws
884 2046 1086 2081 MINICIO
1116 2047 1213 2082 on
1244 2048 1282 2082 s.

307 2120 530 2191 Libellum
552 2123 794 2170 formatum
817 2144 842 2170 a.
863 2144 954 2186 me,
975 2131 1092 2175 sicut
1113 2146 1344 2191 exegeras,
1367 2147 1457 2189 quo
1479 2130 1652 2177 amicus

214 2186 339 2254 tuus,
378 2201 516 2230 immo
550 2191 704 2231 noster
738 2188 865 2248 (quid
900 2193 1019 2236 enim
1060 2208 1152 2238 non
1186 2209 1426 2240 commune
1465 2193 1654 2254 nobis!),

214 2262 251 2290 Sl
290 2262 361 2291 res
402 2252 626 2306 posceret,
668 2253 886 2311 uteretur,
933 2256 1034 2300 misi
1077 2256 1161 2301 tibi
1206 2257 1308 2303 ideo
1355 2257 1550 2316 tardius,
1595 2273 1652 2303 ne

212 2312 391 2368 tempus
425 2312 689 2357 emendandi
723 2330 843 2373 eum,
895 2317 939 2361 id
987 2322 1054 2363 est
1100 2320 1409 2380 disperdendi,
1453 2321 1653 2366 haberee.
1685 2375 1694 2378 U

212 2371 412 2417 Habebis
452 2376 624 2432 tamen,
669 2392 726 2420 an
760 2380 1024 2425 emendandi
1064 2384 1236 2441 nescio,
1284 2384 1442 2442 utique
1483 2384 1653 2443 disper-

313 2487 360 2521 20
388 2484 478 2521 hab.
501 2485 588 2522 deb.
611 2487 651 2522 1)
658 2498 772 2534 pra,
803 2492 938 2528 Muell.
1062 2498 1107 2530 26
1137 2506 1232 2541 prae
1254 2495 1393 2544 Stanql
1413 2499 1500 2541 677,
1528 2496 1595 2534 sed
1618 2508 1651 2534 v.

211 2534 265 2572 ad
290 2535 317 2572 1
343 2538 405 2581 18,
433 2538 467 2572 4.
