1624 2678
498 104 855 142 EPISTULARUM
881 105 934 142 VI
961 110 1019 150 31,
1047 110 1105 141 32.
1414 108 1500 152 173
1575 143 1577 145 ,

98 212 374 262 sermonibus
423 231 514 261 nox
563 217 817 262 ducebatur.
881 217 1064 262 Summo
1116 218 1186 261 die
1236 218 1499 262 abeuntibus
1529 230 1573 262 14

97 277 228 323 nobis
259 275 372 337 (tam
404 278 595 337 diligens
632 280 679 322 in
712 277 894 323 Caesare
926 277 1197 348 humanitas)
1235 279 1366 323 xenia
1396 282 1501 323 sunt

98 339 246 384 missa.
320 337 407 384 Sed
450 339 561 383 311111
611 344 663 384 ut
705 341 899 399 gravitas
944 340 1267 398 cognitionum,
1324 340 1501 384 30351111

97 400 260 458 110301,
290 401 484 445 suavitas
518 401 867 458 simplicitasque
896 403 1123 445 convictus
1156 402 1219 445 ita
1249 402 1373 446 locus
1405 402 1500 459 ipse

98 461 396 520 periucundus
427 462 527 506 fuit.
589 462 710 506 Villa
741 463 1039 520 pulcherrima
1064 463 1260 520 cingitur
1289 461 1573 507 viridissi-15

96 523 183 568 mis
213 524 346 582 agris,
377 523 566 567 inminet
589 524 730 580 litori3
762 525 887 568 cuius
914 524 960 567 in
987 525 1086 567 sinu
1112 524 1164 567 fit
1189 539 1290 568 cum
1311 525 1500 568 maxime

96 587 265 643 portus.
327 583 475 629 Huius
516 585 745 628 5131511331
794 585 1023 629 brachium
1070 586 1323 629 firmissimo
1369 600 1501 642 opere

2 696 7 698 ,
97 646 319 690 munitum
353 649 440 702 est,
479 645 683 690 dextrum
723 647 986 691 elaboratur.
1051 647 1101 689 [n
1142 661 1217 690 ore
1249 649 1404 704 portus
1436 647 1501 690 in-
1530 658 1574 690 16

36 781 73 809 1⁰

36 1086 72 1114 1⁶

97 707 197 752 sula
214 707 433 766 adsurgit,
465 722 578 764 quae
598 707 785 751 inlatum
806 711 938 751 vento
959 723 1078 751 mare
1099 707 1304 751 obiacens
1324 707 1502 766 frangat

97 770 335 825 tutumque
360 767 415 812 ab
442 771 630 825 utroque
657 770 794 812 latere
824 770 1056 813 decursum
1083 769 1269 812 navibus
1294 771 1500 826 praestet.

97 829 315 888 Adsurgit
351 831 499 874 autem
537 833 630 873 arte
668 830 868 874 visenda:
909 830 1108 888 ingentia
1149 845 1254 874 saxa
1284 830 1502 874 latissima

96 891 223 935 navis
266 890 491 948 provehit3
548 906 682 935 onera
722 892 831 935 haec
882 892 969 935 alia
1014 907 1145 948 super
1195 892 1282 934 alia
1333 891 1501 935 deiecta

96 952 196 1010 ipso
208 951 423 1010 pondere
460 955 641 996 manent
678 967 729 996 ac
761 953 922 996 sensim
963 953 1154 1009 quodam
1188 953 1310 996 velut
1341 967 1501 1011 aggere

97 1014 428 1058 construuntur.
490 1013 708 1057 Eminet
696 1029 784 1057 1331
817 1017 861 1058 et
893 1017 1076 1071 apparet
1107 1029 1286 1057 saxeum
1321 1014 1499 1058 dorsum
1529 1024 1573 1056 17

97 1070 403 1132 impactosque
422 1074 615 1119 fluctus'
605 1091 652 1118 13
671 1076 935 1119 immensum
955 1075 1081 1119 elidit
1107 1078 1151 1118 et
1170 1075 1301 1119 tollit.
1335 1075 1500 1118 Vastus

97 1135 190 1180 11113
220 1135 374 1195 fragor
404 1150 652 1192 canumque
684 1137 801 1180 circa
833 1152 963 1180 mare.
1029 1135 1156 1180 Saxis
1196 1136 1352 1179 deinde
1384 1136 1501 1193 pilae

96 1196 363 1254 adicientur,
404 1212 516 1254 quae
554 1198 820 1254 procedente
862 1201 1060 1254 tempore
1099 1200 1272 1241 enatam
1311 1197 1500 1241 insulam

96 1257 338 1303 imitentur.
401 1257 598 1302 Habebit
637 1259 711 1303 hic
752 1262 908 1316 portus
950 1262 994 1302 et
1036 1260 1122 1302 iam
1164 1258 1299 1302 habet
1339 1258 1519 1375 nomen'

96 1319 290 1364 auctoris
322 1320 493 1377 eritque
531 1321 602 1364 vel
639 1321 828 1363 maxime
868 1321 1084 1363 salutaris.
1147 1319 1263 1363 Nam
1296 1335 1376 1376 per
1405 1320 1500 1363 lon·

97 1380 328 1439 gissimum
370 1381 562 1438 spatium
605 1382 710 1425 litus
743 1382 1067 1438 importuosum
1103 1381 1189 1424 hoc
1222 1381 1500 1438 receptaculo

96 1444 257 1486 utetur.
320 1440 443 1486 Vale.
1176 1483 1183 1493 ,

712 1507 878 1546 xxm
933 1482 1036 1562 [ἦν
1060 1498 1091 1539 ὃ
1120 1494 1190 1542 Q‘
1210 1492 1385 1561 lustu.

393 1583 436 1615 (3.
458 1582 660 1615 PLINIUS
689 1582 1020 1623 QUIN'HLIANO
1049 1581 1144 1615 5150
1173 1583 1209 1615 S.

191 1648 404 1702 Quamvis
431 1652 476 1693 et
500 1650 596 1707 ipse
623 1650 683 1692 sis
710 1649 1117 1693 continentissimus
1143 1653 1188 1693 et
1214 1650 1349 1693 filiam
1376 1653 1498 1693 tuam
1529 1661 1545 1691 1

98 1711 162 1755 ita
193 1710 458 1766 institueris,
489 1714 540 1754 ut
572 1710 754 1754 decebat
785 1713 907 1753 tuam
941 1710 1099 1766 filiam,
1137 1710 1276 1754 Tutili
1308 1714 1500 1768 neptem,

97 1786 198 1815 cum
230 1774 378 1815 tamen
418 1772 476 1815 sit
513 1774 708 1828 nuptura
739 1771 1052 1815 honestissimo
1086 1771 1202 1828 viro,
1240 1771 1390 1816 Nonio
1424 1771 1500 1815 Ce-

96 1832 196 1886 leri,
223 1833 294 1876 cui
314 1832 428 1876 ratio
455 1832 651 1875 civilium
680 1832 929 1875 officiorum
949 1832 1256 1877 necessitatem
1277 1833 1498 1890 quandam

97 1893 253 1937 nitoris
298 1892 506 1950 imponit,
548 1892 678 1936 debet
718 1893 958 1937 secundum
1004 1894 1306 1938 condicionem
1353 1894 1499 1937 mariti

98 1957 236 2010 veste,
278 1954 491 1998 comitatu
538 1955 705 2012 augeri3
753 1954 913 2011 quibus
958 1969 1047 1998 3011
1093 1956 1269 2012 quidem
1313 1958 1500 2013 augetur

98 2015 310 2074 dignitas,
343 2018 525 2059 ornatur
549 2018 698 2059 tamen
724 2019 769 2059 et
794 2015 1037 2060 instruitur.
1102 2016 1164 2060 Te
1192 2031 1323 2073 porro
1350 2017 1497 2059 animo
1525 2028 1546 2059 2

8 2107 12 2115 »
97 2076 421 2132 beatissimum,
440 2075 661 2120 modicum
683 2076 968 2120 facultatibus
990 2078 1094 2121 scio.
1151 2077 1306 2135 Itaque
1327 2080 1497 2134 partem

97 2138 242 2181 oneris
292 2138 358 2181 tui
419 2137 526 2180 mihi
578 2137 753 2181 vindico
805 2141 850 2181 et
899 2141 1126 2195 tamquam
1179 2153 1335 2195 parens
1387 2139 1498 2182 alter

97 2199 269 2255 puellae
309 2201 485 2242 nostrae
525 2199 703 2242 confero
743 2199 1066 2258 quinquaginta
1104 2199 1225 2243 milia
1265 2214 1495 2243 nummum

199 2282 268 2319 12·
287 2294 405 2319 onera
425 2294 499 2329 eqo.
521 2282 566 2326 cf.
582 2293 611 2318 e
626 2294 655 2318 c.
670 2282 722 2318 ad
746 2283 848 2319 Trai.
870 2286 919 2320 39
938 2286 1078 2327 (48)‚4
1089 2287 1166 2326 ;61
1190 2285 1318 2328 (69)‚‘
1305 2287 1341 2322 η
1362 2286 1496 2320 contra

97 2331 202 2368 codd.
221 2336 256 2368 et
274 2332 355 2368 edd.
375 2343 511 2369 omnes
540 2332 647 2367 uncie
671 2330 825 2368 inclusit
845 2331 1010 2370 Ges-ner.
1031 2331 1207 2378 provebit
1227 2324 1378 2368 contra:
1400 2333 1495 2369 haec

96 2381 312 2437 interpam.
334 2381 496 2421 Gor-tius
521 2380 586 2416 sed
610 2380 695 2416 vide
724 2380 807 2423 1⁷6,
827 2383 876 2417 33
903 2382 1029 2417 rectus
1056 2380 1119 2416 hic
1145 2380 1266 2421 limes.
1296 2381 1452 2426 V1112,
1471 2385 1496 2418 8

0 2445 9 2456 ν
99 2428 198 2465 ratio
223 2428 479 2466 1133318
506 2428 675 2465 limitent
695 2440 768 2475 pro
794 2424 994 2465 imitentur
1022 2430 1241 2466 Mommsen.
