1716 2736
215 132 306 177 358
824 130 862 167 C.
890 129 1028 166 PLINI

215 249 372 304 atque,
404 247 455 288 ut
487 245 551 288 ita
578 244 744 302 dicam,
777 259 989 302 sequaces
1024 258 1190 288 sumus
1243 243 1364 289 Huic
1390 243 1510 288 enim
1537 242 1640 300 cari,

213 308 320 352 huic
366 306 546 365 probati
592 322 687 352 esse
728 307 954 365 cupimus,
996 306 1117 364 quod
1156 307 1324 351 frustra
1362 306 1641 365 speraverint

214 370 470 427 dissimiles,
519 385 661 428 eoque
707 370 912 428 obsequii
958 369 1296 415 continuatione
1341 369 1640 428 pervenimus,

212 436 263 477 ut
307 448 449 491 prope
496 448 650 477 omnes
697 432 942 491 [homines]
996 432 1128 477 unius
1175 432 1376 478 moribus
1421 433 1638 477 vivamus.

212 495 352 540 Porro
379 511 472 540 non
498 498 591 540 tam
619 495 798 541 sinistre
825 496 1122 540 constitutum
1144 498 1227 553 est,
1261 498 1332 553 ut,
1365 495 1443 554 qui
1470 495 1639 539 malum
1666 507 1682 535 5

128 604 132 606 ,
162 572 183 605 6
210 559 460 617 principem
481 574 735 616 possumus,
754 559 924 603 bonum
945 574 1036 603 non
1050 558 1275 617 possimus
1296 558 1476 602 imitari.
1498 557 1640 617 Perge

210 623 366 679 modo,
400 621 578 678 Caesar,
613 624 658 666 et
688 622 781 666 vim
815 622 1114 680 effectumque
1141 637 1355 666 censurae
1381 623 1512 666 tuum
1538 635 1640 679 pro-

209 685 430 743 positum,
459 685 527 729 tui
557 687 682 729 actus
711 685 991 729 obtinebunt.
1047 684 1167 730 Nam
1187 684 1282 729 vita
1301 684 1518 742 principis
1540 699 1640 728 cen-

210 763 315 792 sura
347 750 414 792 est
448 763 587 806 eaque
620 750 856 806 perpetua:
896 747 952 792 ad
990 747 1108 792 hanc
1141 747 1397 807 dirigimur,
1436 746 1492 791 ad
1523 747 1641 791 hanc

210 810 535 868 convertimur,
576 826 659 856 nec
702 813 794 855 tam
838 811 1027 869 imperio
1070 810 1201 855 nobis
1246 825 1359 868 opus
1404 812 1471 855 est
1504 825 1639 868 quam
1667 822 1704 850 ιο

208 874 427 931 exemplo.
491 872 669 932 Quippe
714 874 908 918 infidelis
953 873 1066 919 recti
1110 873 1326 933 magister
1370 875 1438 918 est
1481 875 1640 918 metus.

207 936 370 981 Melius
396 936 601 981 homines
629 936 846 995 exemplis
882 937 1118 995 docentur,
1151 952 1264 995 quae
1296 936 1343 980 in
1369 935 1527 995 primis
1552 935 1641 981 hoc

207 1000 255 1044 in
288 1015 335 1044 se
368 1000 477 1044 boni
509 999 696 1058 habent,
731 1000 851 1058 quod
886 1000 1157 1058 adprobant,
1196 1015 1310 1058 quae
1342 999 1641 1058 praecipiunt,

132 1059 192 1109 46
207 1063 305 1107 fieri
337 1078 481 1121 posse.
547 1062 610 1108 Et
643 1063 744 1121 quis
777 1066 924 1108 terror
949 1063 1164 1108 valuisset
1197 1062 1393 1120 efficere,
1428 1062 1550 1120 quod
1575 1077 1640 1106 re-

207 1126 408 1170 verentia
439 1126 507 1170 tui
541 1126 720 1171 effecit?
774 1125 984 1171 Obtinuit
1025 1126 1210 1184 aliquis,
1249 1128 1299 1170 ut
1331 1125 1639 1184 spectaculum
1667 1137 1703 1166 15

206 1189 592 1247 pantomimorum
635 1190 831 1247 populus
866 1188 1097 1234 Romanus
1137 1188 1240 1234 tolli
1272 1190 1522 1247 pateretur,
1563 1187 1640 1233 sed

156 1263 178 1296 2
205 1267 299 1296 non
332 1251 548 1310 obtinuit,
594 1254 645 1296 ut
677 1253 835 1297 vellet:
879 1255 1066 1311 rogatus
1101 1267 1146 1297 es
1180 1254 1249 1310 tu,
1297 1251 1417 1309 quod
1451 1251 1641 1311 cogebat

206 1315 340 1372 alius,
380 1314 618 1373 coepitque
639 1330 734 1359 esse
755 1315 1046 1374 beneficium,
1078 1315 1199 1372 quod
1218 1314 1461 1359 necessitas
1481 1313 1639 1359 fuerat.

205 1377 365 1436 Neque
398 1378 518 1422 enim
552 1394 578 1422 a
609 1381 654 1422 te
688 1378 861 1423 minore
902 1380 1144 1435 concentu,
1182 1381 1233 1422 ut
1266 1378 1449 1422 tolleres
1482 1379 1640 1435 panto-

206 1441 387 1499 mimos,
421 1456 555 1499 quam
590 1457 616 1485 a
641 1443 769 1499 patre
802 1444 901 1496 tuo,
934 1444 986 1485 ut
1010 1441 1285 1499 restitueret,
1319 1443 1526 1486 exactum
1559 1442 1639 1485 est.
1666 1454 1704 1482 20

155 1516 177 1549 3
204 1503 461 1562 Utrumque
487 1506 628 1562 recte3
660 1520 765 1548 nam
793 1506 838 1548 et
863 1504 1042 1549 restitui
1069 1504 1324 1562 oportebat,
1353 1518 1466 1562 quos
1494 1505 1640 1548 sustu·

204 1567 320 1611 lerat
352 1567 497 1612 malus
531 1567 764 1625 princeps,
807 1570 851 1612 et
883 1567 983 1612 tolli
1018 1568 1263 1612 restitutos.
1328 1565 1383 1611 In
1414 1566 1471 1611 iis
1505 1566 1640 1624 em'm,

207 1645 320 1687 quae
354 1646 380 1674 a
413 1630 544 1675 malis
584 1631 697 1675 bene
730 1631 867 1688 fiunt,
906 1630 981 1675 hic
1013 1630 1234 1675 tenendus
1269 1631 1336 1675 est
1369 1628 1549 1687 modus,
1588 1631 1640 1674 ut

155 1705 178 1738 4
206 1693 418 1751 adpareat
438 1696 667 1739 auctorem
690 1693 992 1751 displicuisse,
1025 1709 1118 1738 non
1137 1693 1320 1738 factum.
1385 1690 1511 1737 Idem
1531 1707 1638 1752 ergo

204 1757 399 1814 populus
433 1756 527 1815 ille,
571 1756 814 1815 aliquando
855 1756 1048 1802 scaenici
1087 1755 1372 1815 imperatoris
1412 1757 1640 1814 spectator
1665 1769 1702 1798 25

204 1821 249 1863 et
287 1819 491 1877 plausor,
527 1834 649 1864 nunc
687 1819 735 1863 in
773 1819 1063 1877 pantomimis
1105 1834 1285 1878 quoque
1327 1821 1558 1863 aversatur
1595 1820 1641 1863 et

155 1894 176 1927 5
205 1881 388 1926 damnat
414 1883 692 1927 effeminatas
720 1885 836 1927 artes
858 1885 903 1927 et
929 1883 1141 1928 indecora
1167 1883 1346 1927 saeculo
1369 1881 1528 1927 studia.
1567 1880 1640 1925 Ex

204 1961 294 2003 quo
316 1945 605 1991 manifestum
633 1948 702 1990 est
726 1946 983 2004 principum
1013 1945 1298 2003 disciplinam
1325 1960 1482 2003 capere
1503 1944 1638 1990 etiam

202 2009 386 2068 vulgus,
419 2024 521 2054 cum
546 2025 662 2067 rem,
695 2008 733 2053 si
756 2009 811 2053 ab
845 2025 936 2054 uno
965 2009 1063 2067 fiat,
1097 2008 1426 2054 severissimam
1449 2007 1640 2053 fecerint

203 2086 370 2116 omnes.
429 2071 577 2117 Macte
610 2073 696 2117 hac
729 2072 964 2132 gravitatis
999 2072 1164 2132 gloria,
1198 2070 1376 2130 Caesar,
1412 2086 1500 2129 qua
1533 2086 1636 2116 con·
1663 2086 1700 2114 30

203 2137 382 2180 secutus
404 2150 470 2193 es,
495 2138 566 2193 ut,
594 2135 715 2194 quod
742 2138 875 2180 antea
895 2136 962 2181 vis
991 2138 1037 2180 et
1063 2135 1316 2193 imperium,
1342 2149 1464 2179 nunc
1491 2149 1637 2179 mores

153 2207 174 2240 6
201 2200 480 2243 vocarentur.
548 2197 892 2258 Castigaverunt
921 2198 1034 2243 vitia
1063 2213 1144 2243 sua
1174 2197 1280 2256 ipsi,
1315 2197 1392 2256 qui
1426 2195 1637 2256 castigari

202 2261 508 2319 merebantur,
535 2261 762 2320 iidemque
789 2261 1119 2319 emendatores,
1147 2261 1226 2319 qui
1252 2259 1519 2306 emendandi
1543 2259 1639 2304 fue·

201 2327 319 2369 runt.
383 2323 542 2383 Itaque
574 2340 708 2369 nemo
743 2325 797 2369 de
831 2325 1068 2370 severitate
1094 2327 1174 2369 tua
1202 2324 1426 2382 queritur,
1460 2325 1505 2368 et
1529 2322 1638 2367 libe·
1713 2327 1715 2329 ’

303 2477 322 2509 1
350 2486 385 2511 v.
408 2473 604 2519 Hofacker
624 2485 664 2521 p.
688 2475 748 2512 58.
860 2477 883 2510 4
913 2473 1123 2523 [homines]
1151 2472 1354 2519 Schaefero
1381 2476 1482 2510 auct.
1506 2472 1563 2510 K:
1574 2472 1635 2518 II,

204 2524 354 2569 Muell.,
379 2523 550 2560 hominis
577 2524 720 2561 Baehsr.
826 2527 873 2561 29
902 2536 924 2560 a
949 2524 1053 2561 bono
1082 2524 1224 2562 Baelvr.
1711 2517 1716 2531 ²
