1716 2742
211 123 301 168 328
821 120 859 159 C.
881 121 1019 159 PLINI

208 237 451 295 imperator
502 236 653 281 Nerva
704 237 750 281 in
809 237 979 296 gremio
1038 236 1158 282 Iovis
1217 239 1478 296 collocarat,
1537 254 1638 283 cum

208 302 389 358 repente
436 299 570 344 solito
614 299 757 343 maior
799 302 843 343 et
885 300 1122 359 augustior
1165 300 1382 346 advocata
1428 302 1638 347 contione

207 362 440 406 hominum
476 362 749 419 deorumque
783 364 827 407 te
868 363 1014 407 filium
1060 362 1164 420 sibi,
1208 363 1296 409 hoc
1341 366 1409 410 est
1453 364 1638 410 unicum

156 439 179 471 4
207 425 427 469 auxilium
459 425 590 470 fessis
623 425 776 483 rebus,
810 425 1073 484 adsumpsit.
1139 424 1248 470 Inde
1283 427 1411 484 quasi
1444 427 1637 486 depositi

205 488 382 546 imperii
416 503 504 546 qua
546 488 783 533 securitate
827 504 916 546 qua
957 488 1103 548 gloria
1143 489 1288 533 laetus
1331 488 1456 549 (nam
1499 505 1637 548 quan-

205 551 351 595 tulum
379 551 533 609 refert,
561 551 758 610 deponas
786 567 844 595 an
869 552 1077 610 partiaris
1105 551 1376 610 imperium?
1400 553 1489 598 nisi
1516 553 1637 611 quod

205 613 435 659 difficilius
469 614 557 659 hoc
591 612 700 674 est),
725 630 818 659 non
852 629 978 660 secus
1007 630 1059 659 00
1083 615 1310 673 praesenti
1341 615 1426 660 tibi
1444 616 1638 674 innixus,

203 676 294 721 tuis
327 677 493 722 umeris
528 693 573 722 se
608 677 890 736 patriamque
924 680 1180 723 sustentans
1213 680 1292 722 tua
1324 678 1530 737 iuventa,
1555 681 1635 724 tuo

1664 508 1681 535 5

154 752 174 785 5
202 740 364 784 robore
398 740 600 784 invaluit.
637 739 801 785 Statim
836 741 1039 786 consedit
1072 741 1218 785 omnis
1251 742 1484 787 tumultus.
1528 741 1636 787 Non
1687 786 1692 790 .

202 803 456 861 adoptionis
492 819 603 861 opus
647 803 787 861 istud,
829 804 907 848 sed
950 804 1152 862 adoptati
1193 804 1299 863 fuit3
1343 806 1477 862 atque
1523 805 1634 850 adeo

201 868 367 910 temere
413 866 583 910 fecerat
624 866 798 924 Nerva,
841 867 879 911 si
922 867 1180 925 adoptasset
1219 866 1368 912 alium.
1435 866 1634 913 Oblitine

202 943 374 985 sumus,
408 932 459 973 ut
491 945 635 987 nuper
667 932 772 988 post
805 929 1093 988 adoptionem
1126 946 1219 975 non
1252 930 1434 975 desierit
1460 931 1634 989 seditio,

201 992 278 1036 sed
312 991 540 1050 coeperit?
581 991 927 1037 Inritamentum
955 993 1075 1038 istud
1102 993 1269 1038 irarum
1297 996 1341 1038 et
1366 993 1443 1037 fax
1468 995 1634 1039 tumul-

151 1067 171 1100 6
199 1057 274 1100 tus
307 1055 487 1113 fuisset,
519 1055 607 1100 nisi
640 1056 872 1100 incidisset
904 1057 951 1100 in
987 1059 1043 1101 te.
1115 1055 1190 1100 An
1229 1056 1417 1101 dubium
1456 1059 1543 1115 est,
1582 1060 1634 1102 ut

201 1117 304 1163 dare
362 1121 515 1176 posset
573 1118 812 1177 imperium
871 1119 1134 1177 imperator⁷
1201 1119 1280 1177 qui
1337 1120 1634 1164 reverentiam

199 1181 428 1239 amiserat,
461 1182 728 1226 auctoritate
756 1183 850 1226 eius
879 1183 1106 1240 effectum,
1133 1182 1206 1227 cui
1233 1182 1453 1227 dabatur?
1487 1181 1633 1227 Simul

197 1244 338 1302 filius,
372 1245 509 1290 simul
543 1243 723 1303 Caesar,
756 1261 862 1289 mox
900 1245 1145 1303 imperator
1184 1248 1228 1290 et
1268 1260 1452 1291 consors
1491 1246 1632 1290 tribu—

196 1307 341 1352 niciae
362 1307 599 1365 potestatis
627 1310 672 1352 et
694 1308 845 1352 omnia
858 1309 1026 1366 pariter
1047 1311 1091 1352 et
1112 1309 1264 1354 statim
1282 1308 1428 1354 factus
1443 1323 1503 1366 es,
1518 1324 1631 1367 quae

196 1370 401 1428 proxime
427 1386 588 1429 parens
615 1386 747 1416 verus
775 1373 952 1415 tantum
980 1372 1028 1415 in
1048 1372 1239 1416 alterum
1259 1371 1405 1416 filium
1426 1372 1630 1417 contulit.

140 1429 168 1478 9
291 1433 507 1493 Magnum
534 1434 622 1479 hoc
648 1437 752 1479 tuae
779 1434 1099 1479 moderationis
1127 1434 1362 1494 indicium,
1391 1435 1511 1493 quod
1537 1450 1626 1480 non

196 1497 342 1541 solum
378 1511 609 1542 successor
641 1498 840 1555 imperii,
874 1498 950 1542 sed
977 1497 1201 1556 particeps
1229 1498 1365 1542 etiam
1392 1498 1630 1556 sociusque

195 1559 417 1617 placuisti.
480 1559 599 1605 Nam
627 1575 876 1618 successor,
910 1560 1086 1605 etiamsi
1113 1561 1250 1619 nolis,
1283 1561 1515 1606 habendus
1549 1563 1629 1619 est,

145 1634 166 1667 2
197 1638 290 1667 non
322 1626 390 1668 est
422 1623 653 1668 habendus
687 1624 855 1683 socius,
888 1623 976 1668 nisi
1010 1624 1132 1668 velis.
1178 1622 1426 1669 Credentne
1458 1624 1628 1683 posteri

193 1685 381 1743 patricio
417 1689 461 1738 et
494 1687 720 1731 consulari
754 1689 798 1730 et
823 1686 1089 1745 triumphali
1115 1689 1242 1745 patre
1270 1687 1492 1747 genitum,
1525 1702 1626 1732 cum

193 1749 511 1807 fortissimum,
554 1749 901 1807 amplissimum,
945 1750 1304 1794 amantissimum
1349 1750 1419 1795 sui
1462 1750 1626 1795 exerci-

191 1815 290 1856 tum
336 1815 529 1872 regeret,
583 1812 900 1870 imperatorem
946 1828 1039 1857 non
1085 1813 1139 1858 ab
1183 1813 1381 1858 exercitu
1425 1813 1627 1859 factum?

192 1875 355 1934 eidem,
390 1890 492 1920 cum
534 1874 797 1920 Germaniae
836 1876 1127 1934 praesideret,
1169 1874 1421 1921 Germanici
1459 1892 1626 1921 nomen

190 1937 297 1983 hinc
338 1938 556 1983 missum?
598 1938 713 1982 nihil
753 1939 924 1997 ipsum,
966 1941 1017 1983 ut
1058 1939 1306 1996 imperator
1347 1939 1488 1998 fieret,
1533 1939 1624 1999 agi-

142 2012 163 2045 3
190 2003 329 2059 tasse,
361 2001 476 2046 nihil
508 2001 685 2059 fecisse,
718 2002 807 2046 nisi
841 2003 962 2060 quod
996 2003 1160 2046 meruit
1193 2005 1238 2047 et
1272 2002 1455 2061 paruit?
1488 2001 1625 2047 Paru-

191 2064 266 2108 isti
311 2065 452 2122 enim,
498 2063 676 2121 Caesar,
725 2067 769 2109 et
815 2066 867 2109 ad
915 2065 1219 2123 principatum
1267 2065 1484 2123 obsequio
1527 2081 1624 2124 per-

190 2127 371 2186 venisti,
405 2127 610 2185 nihilquc
643 2127 786 2187 magis
815 2144 840 2172 a
866 2131 910 2173 te
939 2128 1140 2173 subiecto
1169 2128 1318 2173 animo
1346 2128 1516 2173 factum
1544 2131 1622 2187 est,

191 2205 325 2247 quam
367 2191 488 2248 quod
526 2191 747 2248 imperare
788 2191 978 2249 coepisti
1017 2191 1105 2235 iam
1142 2189 1322 2247 Caesar,
1359 2191 1449 2236 10111
1483 2192 1623 2250 impe·

189 2255 329 2308 rator,
363 2253 452 2298 iam
482 2252 794 2311 Germanicus,
827 2254 986 2299 absens
1015 2257 1059 2298 et
1084 2254 1268 2313 ignarus
1296 2257 1340 2299 et
1366 2257 1470 2313 post
1495 2257 1622 2299 tanta

141 2326 164 2358 4
190 2316 394 2374 nomina,
434 2319 653 2374 quantum
695 2317 750 2360 ad
790 2319 834 2361 te
873 2317 1084 2376 pertinet,
1125 2317 1340 2375 privatus,
1404 2317 1621 2377 Magnum

290 2418 337 2451 20
365 2414 558 2453 iudicium
585 2415 727 2453 Baehr.
887 2419 931 2452 31
962 2415 1130 2453 subiecti
1158 2416 1288 2453 animo
1315 2413 1428 2454 B'M
1441 2416 1488 2462 O,
1517 2416 1620 2461 K.I,

189 2464 341 2511 Muell„
376 2465 544 2503 subiecti
578 2466 701 2503 animi
730 2465 825 2512 Cat„
854 2466 982 2512 KH,
1019 2466 1195 2503 subiecto
1231 2466 1363 2503 animo
1391 2474 1425 2513 ς,
1462 2467 1620 2512 ΒαεῙιν.,

189 2514 236 2560 cf.
258 2515 369 2560 infra
395 2527 477 2563 cap.
501 2519 561 2563 35,
583 2522 628 2563 4;
654 2519 715 2561 47,
737 2519 783 2562 4,·
810 2518 870 2562 50,
891 2520 927 2553 4.

1664 822 1699 850 10

1662 1136 1696 1163 15

1656 1452 1694 1479 20

1653 1766 1689 1794 25

1650 2082 1716 2109 80·
