1716 2742
151 949 171 981 2

152 1324 172 1357 3

202 139 294 184 202
817 135 855 172 c.
883 135 1021 171 PLINI

202 252 402 296 imitarer
454 254 498 294 et
562 265 786 306 sequerer,
853 252 1072 306 quantum
1131 252 1208 293 aut
1267 250 1500 295 diversitas
1567 250 1632 294 in-

202 315 457 374 geniorum,
504 312 687 356 maximi
735 314 778 355 et
824 312 1019 369 minimi,
1072 314 1150 356 aut
1202 327 1360 357 causae
1407 311 1632 358 dissimili-

201 377 310 421 tudo
345 377 582 433 pateretur.
648 373 771 418 Vale.

215 497 536 555 beWaZm
545 513 679 583 sl
601 506 780 545 (dahas
842 503 991 542 XXXI.

551 592 592 625 C.
622 592 828 626 PLINIUS
858 591 1029 626 CORNU
1032 592 1097 625 ΤΟ
1127 593 1223 627 SUO
1254 593 1291 626 S.

296 687 510 732 Claudius
544 687 692 732 Pollio
728 688 868 731 amari
902 703 927 730 a
958 690 1003 732 te
1038 687 1163 744 cupit
1197 687 1360 747 dignus
1393 687 1480 732 hoc
1521 689 1634 746 ipso,

201 751 320 809 quod
354 751 496 808 cupit,
531 749 709 806 deinde,
742 750 863 808 quod
896 751 993 807 ipse
1025 753 1069 794 te
1103 749 1264 810 diligit.
1327 750 1488 808 Neque
1514 751 1634 795 enim

200 814 291 857 fere
326 813 564 870 quisquam
599 813 740 871 exigit
772 813 912 871 istud,
946 813 1034 858 nisi
1060 813 1140 870 qui
1166 813 1287 858 facit.
1353 811 1438 858 Vir
1463 813 1634 871 alioqui

200 879 365 930 rectus,
399 877 590 934 integer,
611 876 804 933 quietus
839 891 890 920 ac
922 892 1063 934 paene
1090 876 1210 920 ultra
1230 875 1433 933 modum,
1467 875 1505 920 si
1533 876 1633 934 quis

200 942 351 983 tamen
393 939 512 982 ultra
554 938 758 996 modum,
802 938 1091 983 verecundus.
1157 937 1312 996 Hunc,
1351 953 1454 983 cum
1497 939 1634 982 simul

200 1001 516 1058 militaremus,
542 1016 636 1045 non
663 1002 810 1045 solum
838 1004 890 1046 ut
916 1001 1167 1046 commilito
1194 1000 1382 1059 inspexi.
1424 1000 1635 1045 Praeerat

201 1066 294 1108 alae
338 1064 541 1121 militari3
584 1078 667 1122 ego
711 1064 858 1109 iussus
902 1081 928 1108 a
972 1065 1123 1123 legato
1171 1064 1398 1109 consulari
1437 1063 1633 1108 rationes

200 1128 371 1171 alarum
407 1129 451 1170 et
491 1127 745 1171 cohortium
781 1130 988 1171 excutere
1021 1129 1072 1170 ut
1106 1141 1317 1185 magnam
1352 1126 1634 1184 quorundam

199 1189 467 1247 foedamque
514 1189 771 1246 avaritiam,
817 1190 1150 1249 neglegentiam
1196 1205 1350 1247 parem
1397 1189 1460 1233 ita
1498 1188 1633 1233 huius

201 1268 421 1297 summam
468 1252 796 1311 integritatem,
852 1252 1093 1297 sollicitam
1140 1252 1422 1311 diligentiam
1468 1252 1632 1297 inveni.

201 1315 363 1359 Postea
405 1318 640 1373 promotus
684 1315 738 1359 ad
780 1315 1079 1373 amplissimas
1124 1314 1462 1372 procurationes
1508 1315 1636 1358 nulla

202 1378 437 1422 occasione
481 1380 720 1435 corruptus
765 1378 820 1421 ab
863 1378 1000 1422 insito
1045 1377 1343 1422 abstinentiae
1377 1392 1528 1421 amore
1563 1377 1634 1421 de-

201 1441 345 1496 flexit,
389 1455 637 1498 numquam
684 1441 890 1485 secundis
932 1441 1066 1485 rebus
1107 1440 1342 1496 intumuit,
1387 1455 1634 1497 numquam

202 1503 456 1547 officiorum
508 1503 722 1547 varietate
783 1503 1043 1548 continuam
1102 1503 1282 1547 laudem
1339 1502 1634 1547 humanitatis

202 1565 385 1624 infregit
427 1566 670 1623 eademque
720 1566 933 1610 firmitate
982 1565 1120 1610 animi
1167 1564 1400 1610 laboribus
1447 1564 1634 1622 suffecit,

204 1644 292 1686 qua
325 1644 445 1672 nunc
479 1629 622 1672 otium
655 1628 838 1686 patitur.
905 1627 1035 1681 Quod
1063 1628 1243 1686 quidem
1270 1628 1501 1686 paulisper
1533 1642 1636 1672 cum

203 1706 367 1749 magna
400 1707 480 1735 sua
512 1691 643 1735 laude
671 1691 915 1736 intermisit
948 1693 992 1735 et
1018 1691 1172 1749 posuit
1204 1707 1230 1735 a
1258 1690 1451 1735 Corellio
1478 1693 1635 1735 nostro

204 1770 258 1797 ex
289 1753 558 1798 liberalitate
591 1754 875 1812 imperatoris
908 1753 1086 1798 Nervae
1127 1752 1326 1798 emendis
1366 1752 1636 1798 dividendis-

205 1832 289 1873 que
311 1816 429 1875 agris
452 1816 629 1861 adiutor
650 1817 926 1875 adsumptus
968 1816 1152 1861 Etenim
1173 1831 1262 1874 qua
1283 1816 1428 1875 gloria
1448 1816 1636 1874 dignum

205 1881 272 1922 est
305 1894 479 1922 summo
520 1880 617 1923 viro
658 1879 706 1923 in
744 1882 873 1924 tanta
913 1879 1108 1938 eligendi
1147 1879 1364 1924 facultate
1396 1878 1636 1937 praecipue

204 1941 445 1999 placuisse!
472 1941 595 1985 Idem
624 1957 758 2000 quam
785 1945 1057 1998 reverenter,
1085 1957 1219 1999 quam
1246 1941 1441 1986 fideliter
1467 1940 1636 1986 amicos

1661 956 1697 983 10

1662 1268 1697 1296 15

1663 1581 1699 1608 20

1664 1893 1700 1922 26

205 2004 341 2060 colat,
381 2005 627 2048 multorum
663 2005 882 2062 supremis
916 2004 1114 2062 iudiciis,
1153 2005 1201 2049 in
1233 2004 1305 2048 his
1339 2002 1463 2048 Anni
1494 2003 1639 2061 Bassi,
1710 2008 1716 2047 ⁴]

206 2066 460 2125 gravissimi
494 2068 622 2124 civis,
667 2068 843 2112 credere
886 2070 1035 2125 potes,
1078 2067 1205 2112 cuius
1247 2067 1512 2111 memoriam
1544 2069 1638 2111 tam

205 2134 333 2187 grata
366 2129 695 2185 praedicatione
728 2133 943 2189 prorogat
977 2133 1021 2174 et
1048 2130 1267 2187 extendit,
1299 2132 1351 2173 ut
1382 2129 1550 2174 librum
1584 2129 1638 2173 de

204 2191 298 2235 vita
331 2192 425 2235 eius
467 2190 590 2250 (nam
624 2193 771 2236 studia
812 2208 990 2250 quoque
1031 2194 1148 2238 sicut
1188 2193 1297 2237 alias
1337 2191 1479 2236 bonas
1520 2194 1637 2236 artes

157 2264 177 2295 6
205 2252 461 2312 veneratur)
507 2254 706 2299 ediderit.
772 2254 1019 2300 Pulchrum
1059 2256 1180 2300 istud
1223 2258 1268 2299 et
1312 2254 1496 2298 raritate
1540 2255 1638 2312 ipsa

158 2389 178 2421 ’ἶ

205 2316 507 2374 probandum,
552 2332 653 2361 cum
698 2318 901 2375 plerique
939 2318 1157 2363 hactenus
1202 2317 1517 2362 defunctorum
1551 2333 1638 2361 me-

207 2379 437 2435 minerint,
461 2382 512 2422 ut
533 2382 786 2437 querantur.
815 2380 950 2425 Hunc
970 2381 1199 2425 hominem
1220 2379 1639 2450 adpetentissimum

208 2442 294 2499 tui,
329 2414 440 2485 mihi
468 2441 618 2499 crede,
651 2443 966 2500 complectere,
1001 2442 1303 2501 adprehende,
1335 2442 1475 2486 immo
1503 2445 1548 2486 et
1574 2442 1639 2486 in-

206 2504 301 2549 vita
322 2519 373 2548 ac
395 2505 459 2549 sic
480 2520 599 2561 ama,
631 2507 861 2562 tamquam
883 2506 1073 2564 gratiam
1095 2505 1273 2550 referas.
1338 2504 1497 2562 Neque
1519 2505 1638 2549 enim

1665 2067 1716 2319 ³2³

1699 2343 1716 2442 ζῇ

1666 2433 1716 2574 »ἔ

1675 2572 1716 2742 ἔ
