1716 2742
201 117 291 163 382
811 114 850 151 o.
878 114 1015 151 PLINI

201 231 352 291 gentia
386 229 603 287 Caesaris,
637 229 763 274 cuius
797 229 907 274 haec
940 227 1131 273 intentio
1159 231 1245 287 est,
1284 232 1336 273 ut
1373 229 1546 274 nobiles
1581 232 1627 274 et

200 295 432 339 conservet
466 295 511 337 et
543 292 720 337 efficiat.

124 354 185 402 '70
292 355 552 400 Praefuerat
590 354 848 413 provinciae
888 357 1100 412 quaestor
1139 370 1255 400 unus
1289 370 1344 399 ex
1377 354 1625 400 candidatis

198 419 334 476 inque
368 434 419 463 ea
452 418 648 463 civitatis
689 417 992 475 amplissimae
1031 418 1201 462 reditus
1242 418 1423 477 egregia
1462 418 1625 463 consti-

148 493 169 526 2
198 481 373 526 tutione
412 481 689 526 fundaverat.
754 480 855 525 Hoc
889 481 1065 525 senatui
1105 481 1403 540 adlegandum
1442 481 1623 539 putasti.
1658 495 1674 523 5

199 543 288 588 Gur
313 544 432 589 enim
459 547 504 588 te
530 544 751 602 principe,
780 544 857 601 qui
884 543 1059 602 generis
1086 544 1155 588 tui
1182 543 1431 588 claritatem
1458 544 1625 588 virtute

198 608 438 665 superasti,
480 607 675 651 deterior
708 609 825 652 esset
857 606 1062 651 condicio
1097 622 1271 665 eorum,
1312 607 1389 664 qui
1420 609 1625 665 posteros

196 670 360 715 habere
393 670 568 715 nobiles
602 672 895 727 mererentur,
930 685 1064 727 quam
1099 685 1273 728 eorum,
1308 670 1386 727 qui
1418 672 1625 729 parentes

196 733 489 778 habuissent?
537 732 573 777 Ο
601 736 645 777 te
674 733 881 792 dignum,
908 732 986 790 qui
1014 733 1067 777 de
1094 732 1432 792 magistratibus
1458 732 1625 778 nostris

196 812 374 855 semper
398 795 509 841 haec
534 796 714 840 nunties
741 800 823 840 nec
851 796 1008 853 poenis
1030 796 1272 854 malorum,
1300 796 1376 840 sed
1403 795 1625 841 bonorum
1653 810 1689 838 ιο

147 871 168 903 3
196 859 407 918 praemiis
441 859 584 904 bonos
617 858 774 903 facias!
817 857 1020 904 Accensa
1053 861 1121 904 est
1152 859 1362 904 iuventus
1396 858 1626 916 erexitque

197 923 370 967 animos
398 922 454 966 ad
481 922 815 979 aemulandum,
851 922 971 980 quod
997 921 1172 966 laudari
1198 921 1399 980 videbat,
1430 937 1513 967 1100
1538 922 1627 966 fuit

199 985 455 1044 quisquam,
477 1001 610 1043 quem
630 1000 723 1029 non
736 985 847 1029 haec
869 984 1085 1044 cogitatio
1107 985 1297 1043 subiret,
1325 984 1449 1044 [cum
1470 984 1625 1044 sciret]

198 1049 415 1107 quidquid
450 1064 476 1092 a
510 1062 688 1106 quoque
722 1048 769 1092 in
801 1048 1046 1105 provinciis
1079 1048 1191 1092 bene
1224 1048 1364 1104 fieret,
1398 1047 1550 1092 omnia
1580 1050 1626 1092 te

147 1123 168 1156 4
197 1112 335 1157 scire..
387 1111 513 1157 Utile
534 1113 619 1169 est,
653 1109 831 1169 Caesar,
866 1114 910 1155 et
931 1111 1126 1156 salutare
1146 1111 1427 1169 praesidibus
1447 1111 1627 1170 provin·
1654 1126 1689 1154 15

197 1175 367 1219 ciarum
399 1175 516 1220 hanc
548 1174 713 1219 habere
746 1173 978 1231 fiduciam,
1016 1177 1224 1232 paratum
1258 1189 1353 1219 esse
1386 1174 1627 1246 sanctitati,

196 1237 442 1282 industriae
490 1253 595 1283 suae
641 1237 887 1281 maximum
933 1237 1202 1295 praemium,
1244 1237 1459 1282 iudicium
1506 1237 1627 1296 prin-

147 1312 168 1346 5
197 1301 327 1359 cipis,
375 1301 638 1360 suffragium
678 1300 908 1371 principis.
974 1299 1137 1345 Adhuc
1183 1303 1333 1345 autem
1380 1300 1628 1359 quamlibet

196 1364 368 1409 sincera
409 1366 620 1422 rectaque
653 1363 853 1423 ingenia,
895 1363 979 1407 etsi
1011 1379 1103 1407 non
1137 1363 1455 1422 detorquebat,
1495 1363 1627 1409 hebe-

147 1438 168 1472 6
196 1427 321 1472 tabat
359 1429 511 1472 tamen
554 1426 736 1485 misera,
781 1426 859 1471 sed
898 1442 1003 1471 vera
1041 1426 1286 1498 reputatio:
1337 1425 1453 1485 ‘Ipse
1493 1427 1627 1484 enim,
1652 1441 1690 1469 πο

196 1490 234 1535 si
268 1490 376 1548 quid
402 1490 513 1535 bene
540 1490 708 1547 fecero,
741 1489 852 1534 sciet
879 1487 1069 1535 Caesar?
1103 1492 1198 1547 aut,
1231 1489 1270 1534 si
1297 1490 1471 1547 scierit,
1503 1489 1626 1535 testi-

147 1565 167 1598 7
196 1553 398 1598 monium
436 1552 644 1598 reddet'?
694 1551 766 1598 Ita
805 1552 958 1597 eadem
998 1553 1077 1597 illa
1116 1568 1195 1597 seu
1227 1553 1515 1612 neglegentia
1547 1567 1627 1598 seu

149 1633 159 1658 5
195 1615 454 1676 malignitas
481 1615 749 1675 principum,
777 1631 878 1660 cum
907 1616 1023 1660 male
1050 1616 1268 1661 consultis
1295 1616 1628 1675 impunitatem,

195 1682 315 1724 recte
342 1679 474 1724 factis
507 1680 683 1724 nullum
717 1679 969 1737 praemium
1003 1679 1313 1738 polliceretur,
1347 1694 1430 1724 nec
1463 1679 1567 1724 illos
1601 1696 1627 1724 a

145 1754 168 1788 8
195 1742 382 1787 crimine
415 1745 461 1787 et
491 1743 576 1787 hos
610 1741 862 1787 deterrebat
894 1758 920 1786 a
951 1742 1094 1787 laude.
1160 1741 1224 1787 At
1255 1757 1395 1800 nunc,
1436 1742 1474 1788 si
1513 1742 1625 1787 bene
1652 1755 1689 1784 25

195 1805 359 1864 aliquis
380 1805 660 1863 provinciam
681 1805 868 1862 rexerit,
893 1805 999 1850 huic
1021 1805 1224 1863 quaesita
1243 1805 1410 1850 virtute
1430 1805 1626 1865 dignitas

196 1869 392 1913 offertur.
436 1867 566 1913 Patet
587 1868 705 1913 enim
728 1868 937 1913 omnibus
957 1868 1144 1914 honoris
1166 1871 1210 1913 et
1231 1869 1400 1928 gloriae
1421 1883 1626 1927 campus:

297 2010 315 2042 1
346 2004 522 2043 Caesaris
549 2005 762 2056 (asserta)
784 2006 1006 2051 Baehrens„
1036 2004 1277 2055 <extracta>
1305 2005 1480 2053 Lipsius,
1537 2017 1626 2054 pro-

194 2055 305 2106 lata>
333 2056 477 2095 Suster.
504 2078 552 2083 —
579 2056 678 2092 haec
704 2055 874 2093 intentio
903 2057 962 2093 est
987 2057 1034 2092 ut
1055 2056 1104 2102 A,
1132 2056 1285 2102 Muell„
1312 2055 1413 2093 haec
1434 2055 1522 2105 <vis
1579 2057 1626 2093 ut

196 2107 246 2144 K.
264 2108 324 2152 II,
352 2107 506 2152 Baehr„
536 2106 635 2143 haec
661 2107 708 2154 (v.
725 2106 798 2144 hec
818 2118 853 2143 v.
870 2106 958 2153 hoc)
985 2107 1031 2143 ut
1058 2108 1104 2154 (v.
1125 2108 1165 2143 et
1184 2118 1216 2144 v.
1238 2107 1298 2143 est
1316 2107 1376 2154 ut)
1403 2106 1523 2152 codd„
1549 2106 1625 2144 hoc

196 2159 256 2194 est
281 2157 484 2203 Schwarz„
513 2158 566 2194 K.
581 2158 617 2194 Ι.
763 2160 786 2194 8
814 2157 1042 2193 meruerunt
1069 2156 1111 2202 0,
1138 2156 1374 2194 meruissent
1399 2157 1625 2204 Bor-necque

189 2220 230 2255 p.
255 2210 331 2245 225
362 2212 398 2245 et
425 2210 512 2245 233.
657 2211 702 2243 13
734 2207 840 2256 [cum
871 2207 1004 2256 sciret]
1037 2208 1192 2254 Baehr„
1224 2219 1313 2244 cum
1343 2207 1462 2244 scires
1493 2207 1544 2244 K.
1563 2208 1624 2253 ΙΙ,

196 2258 332 2295 Muell.
515 2261 560 2294 16
598 2256 804 2294 sanctitati
845 2257 884 2294 et
919 2257 1000 2294 ind.
1033 2266 1067 2303 ς,
1105 2258 1201 2304 edd,
1242 2258 1365 2294 sanct.
1395 2259 1489 2294 tuae
1526 2258 1623 2295 BV.

196 2312 242 2344 17
270 2319 364 2345 suae
392 2319 461 2345 om.
485 2309 555 2345 B‘.
693 2307 766 2344 20*
795 2307 882 2354 Ipse
913 2308 1017 2344 enim
1049 2319 1132 2356 eqo,
1162 2309 1209 2354 ef.
1232 2319 1353 2355 supra
1378 2319 1412 2345 v.
1437 2311 1484 2345 14
1509 2318 1561 2355 sq.
1590 2312 1626 2345 et

195 2370 250 2405 ep.
273 2359 342 2396 IV
361 2361 423 2403 25,
450 2362 496 2404 4,·
523 2359 609 2395 VII
629 2361 666 2403 3,
698 2362 742 2404 1;
770 2369 909 2406 φακες).
931 2361 992 2404 48,
1022 2362 1065 2403 1,·
1097 2362 1157 2403 49,
1185 2362 1231 2404 3,·
1263 2361 1324 2404 51,
1358 2361 1395 2404 5,
1425 2357 1534 2395 vides
1569 2357 1623 2405 (in

196 2408 279 2445 dies
306 2408 370 2446 Α2
401 2410 445 2446 in
470 2410 606 2457 mary.)
640 2408 744 2445 enim
771 2409 892 2454 codd,
920 2409 986 2454 K„
1019 2408 1202 2455 Sehnelle,
1235 2408 1383 2456 Stanyl,
1417 2407 1522 2444 enim
1551 2408 1622 2445 del.

196 2458 292 2503 Cat„
329 2459 424 2505 quid
458 2458 562 2496 enim
591 2460 819 2506 posteriores
846 2459 1036 2496 Gatanaei
1061 2459 1261 2504 editiones,
1296 2457 1392 2505 quid
1425 2460 1485 2494 est
1518 2457 1623 2498 enim

194 2508 215 2545 ,9
243 2509 308 2554 Κ.,
339 2509 400 2545 0111
428 2510 531 2546 rest?
559 2521 653 2545 num
681 2510 837 2555 Baehr„
863 2510 888 2558 †
915 2509 1004 2546 add.
1028 2509 1163 2546 Muell.
1508 2526 1514 2533 ·
