1716 2742
333 460 384 511 O.
416 460 604 510 PLINI
644 459 908 510 CAECILI
948 459 1239 510 SECUNDI

444 584 1127 653 EPISTULARUM

66 723 204 792 AD
233 722 757 791 TRAIANUM
794 721 1501 790 IMPERATOREM

81 939 83 941 V
290 861 445 912 CUM
484 860 826 911 EIUSDEM
867 860 1282 910 RESPONSIS

18 998 36 1027 ⁶
687 983 885 1028 LIBER.

774 1176 807 1216 I.

340 1265 384 1299 C.
406 1265 614 1300 PLINIUS
643 1265 867 1300 TRAIANO
897 1264 1234 1298 IMPERATORI.

163 1335 262 1380 Tua
281 1335 462 1393 quidem
488 1334 653 1393 pietas,
673 1335 919 1393 imperator
938 1334 1240 1391 sanctissime,
1261 1336 1508 1391 optaverat,
1536 1344 1555 1376 1

70 1401 121 1443 ut
164 1413 301 1456 quam
345 1397 599 1442 tardissime
643 1397 901 1442 succederes
946 1397 1084 1455 patri3
1134 1396 1211 1440 sed
1254 1396 1300 1440 di
1340 1396 1507 1440 inmor-

7 1475 46 1504 1⁰
70 1461 183 1506 tales
227 1460 557 1506 festinaverunt
600 1461 791 1505 virtutes
840 1463 941 1504 tuas
991 1459 1047 1503 ad
1090 1459 1396 1518 gubernacula
1443 1459 1508 1502 rei

70 1524 298 1583 publicae,
344 1538 479 1581 quam
525 1538 806 1593 susceperas,
851 1523 1101 1566 admovere.
1179 1521 1345 1566 Precor
1387 1532 1558 1580 ergo,‘>

69 1589 124 1632 ut
154 1586 240 1632 tibi
272 1589 318 1631 et
349 1602 430 1644 per
469 1589 514 1630 te
554 1586 708 1645 generi
750 1586 949 1629 humano
992 1599 1211 1643 prospera
1250 1583 1420 1641 omnia,
1462 1583 1508 1627 id

70 1643 141 1694 est
172 1649 311 1709 digna
343 1649 523 1694 saeculo
563 1652 664 1706 tuo,
704 1649 983 1707 contingant.
1047 1644 1232 1691 Fortem
1270 1650 1316 1691 te
1356 1649 1401 1691 et
1442 1646 1509 1690 111-

69 1713 230 1770 larem,
262 1712 509 1770 imperator
543 1712 733 1769 optime,
766 1712 812 1755 et
841 1710 1055 1769 privatim
1089 1712 1134 1754 et
1166 1709 1347 1767 publice
1387 1712 1508 1767 opto.

9 1838 47 1866 1⁶
763 1827 818 1866 H.

349 1916 392 1951 C.
412 1917 620 1951 PLINIUS
648 1916 872 1950 TRAIANO
899 1915 1233 1950 1MPERAT.0R1

166 1987 454 2046 Exprimere,
486 1987 687 2044 domine,
725 1987 874 2031 verbis
913 2001 1006 2031 non
1044 2001 1251 2044 possum,
1290 1988 1511 2043 quantum
1539 1996 1558 2027 1

73 2050 186 2095 mihi
218 2049 434 2110 gaudium
468 2050 692 2107 attuleris,
726 2049 847 2106 quod
879 2065 950 2093 me
984 2049 1172 2108 dignum
1210 2049 1383 2106 putasti
1414 2048 1512 2091 iure

72 2113 211 2158 trium
243 2113 501 2156 liberorum.
568 2111 782 2165 Quamvis
816 2112 936 2157 enim
968 2111 1057 2156 Iuli
1091 2110 1315 2168 Serviani,
1349 2110 1512 2168 optimi

11 2189 49 2217 ιο
73 2175 162 2220 viri
212 2175 371 2233 tuique
423 2175 741 2232 amantissimi,
792 2175 1003 2233 precibus
1049 2174 1309 2230 indulseris,
1360 2176 1513 2217 tamen

74 2239 211 2284 etiam
243 2254 300 2283 ex
332 2237 550 2295 rescripto
584 2238 800 2297 intellego
840 2238 1056 2282 libentius
1096 2237 1185 2281 hoc
1225 2237 1266 2280 ei
1303 2239 1348 2280 te
1387 2251 1513 2294 prae-

75 2301 264 2360 stitisse,
297 2300 404 2358 quia
434 2315 517 2358 pro
551 2316 623 2344 me
662 2301 864 2359 rogabat.
928 2299 1099 2345 Videor
1139 2314 1247 2358 ergo
1288 2314 1511 2343 summam
1538 2310 1560 2342 2

75 2363 172 2408 voti
203 2363 294 2408 mei
327 2366 615 2420 consecutus,
648 2378 750 2408 cum
784 2364 903 2407 inter
934 2363 1064 2406 initia
1103 2361 1354 2407 felicissimi
1391 2361 1513 2419 prin-

76 2426 252 2485 cipatus
284 2427 353 2470 tui
386 2426 646 2484 probaveris
679 2441 751 2470 me
785 2426 841 2470 ad
873 2426 1148 2483 peculiarem
1184 2424 1513 2483 indulgentiam

14 2501 51 2530 15
76 2492 203 2534 tuam
235 2489 477 2547 pertinere3
514 2503 656 2546 eoque
689 2489 835 2547 magis
868 2489 1033 2533 liberos
1067 2488 1360 2546 concupisco,
1399 2502 1513 2544 quos
