1716 2742
185 141 278 188 250
797 138 837 177 c,
864 138 1003 176 Pmm

184 254 254 298 Tu
304 254 574 312 passerculis
629 256 674 297 et
726 253 998 298 columbulis
1050 254 1219 299 nostris
1270 254 1390 300 inter
1415 283 1418 287 -
1441 254 1614 312 aquilas

182 319 354 361 vestras
394 316 520 361 dabis
559 331 748 373 pennas,
789 316 827 360 si
866 319 1020 360 tamen
1058 318 1103 360 et
1142 316 1229 361 sibi
1267 319 1314 361 et
1351 317 1438 361 tibi
1469 318 1616 375 place-

183 379 315 437 bunt3
349 378 387 423 si
414 381 591 423 tantum
618 378 723 436 sibi,
756 379 1055 423 continendos
1083 393 1219 423 cavea
1237 378 1403 424 nidove
1423 380 1614 425 curabis.

184 441 307 486 Vale.
822 508 973 548 XXVI·

536 596 579 631 C.
600 596 807 631 PLINIUS
835 597 1076 632 LUPERCO
1105 598 1202 632 SUO
1231 598 1267 632 S.

135 692 151 722 1
275 678 383 723 Dixi
423 678 477 724 de
517 679 712 737 quodam
753 682 932 724 oratore
972 680 1140 725 saeculi
1178 681 1324 725 nostri
1361 683 1485 726 recto
1519 681 1616 738 qui-

182 741 282 786 dem
316 744 361 785 et
394 756 524 800 sano,
557 742 635 786 sed
669 758 829 800 parum
863 742 1025 802 grandi
1059 745 1104 787 et
1137 745 1318 801 ornato,
1357 746 1408 787 ut
1441 743 1616 802 opinor,

131 816 152 848 2
180 807 301 862 apte:
330 803 396 849 ‘N
398 804 482 849 ihil
500 808 673 863 peccat,
701 805 791 850 nisi
812 806 934 863 quod
958 805 1076 849 nihil
1100 805 1286 864 peccat'
1325 805 1473 851 Debet
1495 806 1616 851 enim

181 870 334 911 orator
360 867 492 927 erigi,
519 868 686 925 attolli,
713 868 941 913 interdum
968 868 1105 912 etiam
1132 869 1440 927 effervescere,
1466 869 1615 914 efferri

180 944 232 974 ac
271 945 404 987 saepe
444 930 654 975 accedere
694 931 750 974 ad
790 946 1023 989 praeceps3
1062 947 1168 975 nam
1208 931 1476 990 plerumque
1509 931 1614 976 altis

179 995 224 1036 et
245 992 432 1037 excelsis
460 993 667 1038 adiacent
693 994 898 1052 abrupta.
951 993 1114 1039 Tutius
1140 1009 1223 1052 per
1248 993 1402 1053 plana,
1436 994 1514 1039 sed
1534 994 1615 1038 hu-

180 1055 331 1099 milius
358 1058 403 1099 et
436 1055 689 1113 depressius
723 1057 827 1114 iter3
860 1057 1141 1114 frequentior
1167 1057 1452 1102 currentibus
1479 1072 1615 1114 quam

178 1117 462 1176 reptantibus
495 1118 667 1177 lapsus,
708 1119 786 1163 sed
818 1119 889 1164 his
922 1135 1016 1164 non
1047 1119 1306 1164 labentibus
1338 1120 1483 1178 nulla,
1524 1119 1614 1164 illis

129 1191 150 1224 3
177 1195 270 1225 non
311 1180 438 1225 nulla
478 1182 596 1238 laus,
639 1182 817 1226 etiamsi
857 1182 1079 1226 labantur.
1144 1181 1264 1227 Nam
1307 1185 1358 1227 ut
1398 1182 1614 1240 quasdam

177 1245 296 1287 artes
328 1243 393 1288 ita
426 1244 731 1302 eloquentiam
763 1245 881 1289 nihil
912 1245 1057 1304 magis
1085 1260 1220 1303 quam
1247 1244 1462 1304 ancipitia
1495 1260 1615 1290 com-

178 1306 401 1351 mendant.
474 1306 632 1365 Vides,
673 1307 751 1365 qui
783 1323 864 1366 per
901 1308 1056 1352 funem
1096 1308 1143 1352 in
1183 1323 1358 1353 summa
1394 1309 1614 1367 nituntur,

178 1371 371 1426 quantos
418 1370 593 1414 soleant
638 1370 832 1415 excitare
875 1371 1112 1428 clamores,
1156 1385 1259 1416 cum
1301 1371 1391 1416 iam
1434 1371 1613 1430 iamque

127 1443 150 1474 4
178 1432 324 1476 casuri
363 1432 584 1477 videntur.
664 1432 780 1477 Sunt
822 1434 942 1478 enim
982 1433 1176 1478 maxime
1215 1434 1459 1492 mirabilia,
1499 1449 1613 1492 quae

177 1495 371 1539 maxime
412 1495 718 1553 inexpectata,
750 1497 943 1540 maxime
976 1497 1250 1554 periculosa,
1281 1499 1422 1555 utque
1456 1495 1614 1542 Graeci

178 1558 321 1616 magis
355 1558 633 1616 exprimunt,
664 1559 919 1617 παράβολα.
964 1558 1072 1604 ldeo
1106 1574 1393 1617 nequaquam
1425 1575 1508 1618 par
1534 1575 1614 1619 gu-

178 1619 428 1664 bernatoris
462 1623 530 1665 est
555 1621 717 1678 virtus,
745 1637 847 1666 cum
873 1622 1051 1680 placido
1086 1624 1131 1666 et
1156 1637 1260 1667 cum
1292 1622 1473 1666 turbato
1501 1622 1615 1667 mari

177 1681 374 1727 vehitur:
426 1686 535 1728 tunc
588 1684 837 1728 admirante
882 1685 1010 1729 nullo
1062 1685 1340 1742 inlaudatus,
1391 1685 1613 1744 inglorius

179 1744 300 1788 subit
332 1748 534 1804 portum3
567 1749 632 1804 at,
665 1762 768 1791 cum
802 1747 1000 1792 stridunt
1031 1747 1181 1805 funes,
1225 1750 1437 1792 curvatur
1469 1748 1614 1804 arbor,

179 1807 483 1865 gubernacula
528 1812 735 1868 gemunt,
780 1813 891 1855 tunc
913 1810 1012 1855 ·ille
1065 1810 1212 1854 clarus
1260 1813 1305 1854 et
1356 1810 1424 1854 dis
1477 1811 1613 1855 maris

129 1880 150 1913 5
177 1869 422 1927 proximus.
458 1870 549 1915 Gur
568 1872 712 1917 haec?
752 1871 868 1926 Quia
887 1873 1010 1918 visus
1032 1888 1078 1917 es
1099 1873 1211 1917 mihi
1231 1873 1280 1917 in
1300 1873 1480 1931 scriptis
1501 1874 1613 1918 meis

178 1932 415 1977 adnotasse
449 1935 667 1991 quaedam
700 1938 752 1979 ut
783 1936 977 1993 tumida,
1016 1951 1130 1994 quae
1171 1951 1254 1995 ego
1299 1935 1528 1994 sublimia,
1561 1938 1613 1980 ut

177 1995 401 2053 improba,
437 2011 549 2054 quae
577 2013 660 2056 ego
689 1998 919 2055 audentia,
951 2001 1002 2042 ut
1033 1998 1191 2056 nimia,
1226 2014 1340 2056 quae
1367 2013 1451 2058 ego
1479 1999 1614 2057 plena

175 2058 434 2102 arbitrabar.
482 2058 733 2105 Plurimum
767 2064 917 2105 autem
951 2061 1106 2119 refert,
1139 2061 1507 2119 reprehendenda
1539 2061 1613 2105 ad-

128 2131 150 2164 6
176 2122 306 2164 notes
340 2136 398 2165 an
430 2122 637 2181 insignia.
697 2122 854 2168 Omnis
890 2124 1010 2168 enim
1045 2124 1254 2182 advertit,
1289 2124 1411 2181 quod
1445 2124 1612 2169 eminet

178 2184 222 2226 et
261 2185 401 2241 extat3
441 2184 519 2228 sed
559 2186 650 2230 acri
692 2186 941 2231 intentione
974 2186 1311 2231 diiudicandum
1345 2189 1429 2244 est,
1470 2187 1612 2231 inmo-

179 2244 328 2289 dicum
375 2246 435 2290 sit
474 2263 532 2290 an
572 2248 758 2306 grande,
801 2250 943 2293 altum
984 2265 1041 2294 an
1080 2264 1273 2294 enorme.
1351 2248 1523 2307 Atque,
1561 2253 1612 2293 ut

279 2372 300 2405 2
324 2370 440 2416 prius
466 2371 505 2407 et
531 2382 602 2407 om.
625 2372 684 2407 M.
839 2376 886 2408 20
913 2372 1139 2420 inspectata
1165 2385 1202 2418 α,
1230 2372 1381 2420 expect.
1403 2372 1446 2408 D
1452 2383 1482 2419 p
1493 2384 1525 2418 r,
1552 2371 1612 2408 in-

178 2420 328 2466 expect.
357 2427 380 2456 ς
408 2420 474 2466 (cf.
498 2432 539 2467 p.
566 2423 655 2466 223,
676 2424 767 2468 22),
794 2422 998 2469 insperata
1026 2424 1086 2469 M,
1114 2424 1215 2470 vuly.
1345 2425 1392 2459 23
1419 2421 1612 2470 inglorius

178 2468 220 2505 D
224 2481 340 2516 pra,
370 2469 467 2515 Otto,
489 2471 640 2516 Muell„
660 2471 896 2518 ingloriosus
919 2474 980 2519 M,
1001 2473 1054 2511 K.
1077 2473 1193 2520 (disp.
1214 2473 1266 2509 ΙΙ
1280 2474 1361 2519 22).
1475 2476 1522 2509 26
1544 2484 1613 2510 cur

177 2530 247 2556 om.
270 2520 330 2565 M,
359 2520 456 2557 K.I
477 2520 600 2568 (Haec
627 2521 721 2567 quia
747 2523 855 2569 cett).

1643 532 1660 559 5

1642 885 1678 911 10

1642 1197 1678 1224 15

1641 1511 1678 1539 20

1640 1806 1716 1858 25}

1640 2138 1675 2166 30

1704 2305 1716 2459 ἐ,

1705 2459 1716 2516 ς
