1630 2678
137 1471 158 1503 8

139 1715 160 1745 9

116 2017 162 2049 10

177 136 237 180 50
769 127 807 163 C.
834 125 968 163 PLINI

177 245 331 289 deinde
357 243 550 300 porticus
577 242 622 283 in
642 240 682 283 D
707 240 878 282 litterae
905 236 1239 281 similitudinem
1260 235 1564 291 circumactae,

179 305 335 363 quibus
367 303 566 360 parvula,
596 301 670 344 sed
702 300 858 343 festiva
889 314 988 342 area
1012 297 1262 340 includitur.
1318 295 1562 354 Egregium

179 366 260 410 hae
298 365 499 408 adversus
537 364 815 418 tempestates
854 358 1195 415 receptaculum3
1231 371 1335 400 nam
1367 357 1563 414 specula-

179 428 297 471 ribus
336 440 384 468 ac
423 424 561 467 multo
595 422 733 480 magis
771 420 1087 464 inminentibus
1126 418 1254 462 tectis
1286 417 1562 462 muniuntur.

180 487 260 531 Est
300 490 450 530 contra
489 483 651 527 medias
694 482 945 526 cavaedium
986 480 1142 533 hilare,
1182 493 1288 523 mox
1318 479 1561 523 triclinium

180 549 283 592 satis
321 546 568 603 pulchrum,
608 543 725 600 quod
763 544 809 586 in
846 543 950 585 litus
983 541 1176 585 excurrit
1206 554 1277 596 ac,
1314 539 1353 584 si
1384 540 1560 598 quando
1615 579 1619 582 .

180 609 327 652 Africo
360 621 475 650 mare
514 605 751 662 impulsum
794 607 876 659 est,
917 603 1067 646 fractis
1105 602 1192 645 iam
1234 604 1278 645 et
1308 601 1562 646 novissimis

179 668 381 712 fiuctibus
406 667 560 710 leviter
586 665 786 709 adluitur.
843 663 1047 720 Undique
1072 663 1221 706 valvas
1247 665 1325 706 aut
1348 662 1562 707 fenestras

179 745 266 773 non
293 729 479 772 minores
505 727 643 770 valvis
668 726 800 769 habet
825 729 955 782 atque
980 725 1042 767 ita
1067 740 1093 767 a
1115 723 1347 779 lateribus,
1372 738 1400 767 a
1416 723 1562 768 fronte

180 790 302 847 quasi
333 790 418 832 tria
449 788 584 831 maria
614 790 883 844 prospectat;
914 802 940 829 a
970 791 1094 843 tergo
1121 785 1395 842 cavaedium,
1425 785 1562 842 porti·

180 866 296 906 cum,
333 865 494 905 aream,
531 849 748 905 porticum
787 863 956 903 rursus,
993 861 1096 890 mox
1134 846 1314 902 atrium,
1351 846 1486 891 silvas
1517 849 1562 890 et

179 912 443 969 longinquos
481 909 658 966 respicit
696 911 878 952 montes.
942 907 1085 951 Huius
1118 923 1144 951 a
1173 908 1300 951 laeva
1329 907 1561 952 retractius

181 973 310 1029 paulo
362 971 611 1015 cubiculum
661 973 726 1013 est
776 970 988 1026 amplum,
1040 968 1194 1012 deinde
1238 968 1359 1012 aliud
1402 969 1563 1024 minus,

181 1033 297 1090 quod
347 1033 483 1075 altera
530 1031 719 1074 fenestra
769 1031 962 1073 admittit
1006 1031 1239 1087 orientem,
1289 1029 1562 1074 occidentem

180 1095 315 1137 altera
346 1093 523 1147 retinet,
561 1092 644 1135 hac
676 1096 719 1135 et
753 1091 978 1135 subiacens
1012 1106 1129 1134 mare
1159 1091 1339 1149 longius
1372 1090 1564 1147 quidem,

181 1155 254 1198 sed
286 1154 477 1197 securius
508 1153 712 1196 intuetur.
768 1152 912 1195 Huius
944 1152 1134 1196 cubiculi
1164 1154 1210 1196 et
1235 1151 1419 1196 triclinii
1442 1152 1563 1195 illius

181 1216 353 1258 obiectu
383 1214 622 1257 includitur
650 1214 854 1271 angulus,
888 1214 962 1269 qui
988 1213 1272 1270 purissimum
1297 1213 1436 1257 solem
1461 1226 1563 1256 con-

180 1276 291 1319 tinet
321 1280 364 1318 et
395 1274 601 1318 accendit.
657 1274 755 1318 Hoc
785 1274 1133 1329 hibernaculum,
1165 1275 1250 1318 hoc
1278 1274 1412 1318 etiam
1436 1287 1564 1332 gym-

181 1337 350 1379 nasium
392 1351 586 1378 meorum
627 1339 710 1391 est3
752 1336 813 1378 ibi
854 1350 1003 1379 omnes
1043 1336 1173 1379 silent
1203 1336 1326 1380 venti
1357 1334 1565 1392 exceptis,

184 1398 258 1453 qui
298 1397 495 1439 nubilum
537 1396 749 1439 inducunt
788 1399 831 1439 et
872 1411 1088 1453 serenum,
1131 1399 1231 1440 ante
1270 1411 1402 1454 quam
1433 1410 1564 1440 usum

182 1458 268 1500 loci
300 1457 498 1513 eripiunt.
554 1457 816 1501 Adnectitur
840 1459 1001 1515 angulo
1029 1458 1281 1502 cubiculum
1307 1458 1355 1501 in
1378 1457 1565 1515 hapsida

185 1521 429 1573 curvatum,
470 1519 585 1573 quod
626 1518 839 1561 ambitum
881 1519 985 1562 solis
1026 1519 1230 1563 fenestris
1262 1518 1467 1563 omnibus
1499 1533 1564 1563 se-

186 1579 343 1634 quitur.
399 1578 558 1621 Parieti
589 1579 679 1622 eius
712 1580 757 1622 in
790 1579 1079 1623 bibliothecae
1111 1580 1301 1637 speciem
1326 1579 1565 1624 armarium

186 1639 393 1681 insertum
418 1643 502 1694 est,
533 1640 648 1694 quod
673 1655 762 1683 non
787 1641 995 1698 legendos
1020 1642 1176 1698 libros,
1200 1641 1276 1686 sed
1299 1639 1564 1685 lectitandos

187 1700 313 1755 capit.
370 1699 586 1742 Adhaeret
617 1701 920 1744 dormitorium
947 1703 1193 1746 membrum
1217 1702 1407 1746 transitu
1430 1702 1566 1745 inter-

187 1761 371 1814 iacente,
409 1761 484 1815 qui
522 1775 754 1816 suspensus
794 1765 837 1805 et
872 1763 1099 1806 tubulatus
1138 1765 1398 1820 conceptum
1431 1777 1566 1820 vapo-

185 1836 276 1863 rem
318 1820 479 1863 salubri
519 1824 857 1877 temperamento
899 1824 986 1867 huc
1026 1825 1132 1868 illuc
1169 1824 1331 1883 digerit
1362 1826 1407 1868 et
1436 1823 1566 1868 mini-

187 1883 307 1924 strat.
352 1879 536 1936 Reliqua
554 1897 653 1937 pars
673 1883 819 1926 lateris
835 1884 965 1927 huius
980 1899 1204 1929 servorum
1216 1885 1566 1941 libertorumque

187 1941 337 1984 usibus
382 1941 598 1984 detinetur
642 1943 858 1999 plerisque
902 1949 991 1987 tam
1038 1947 1232 2002 mundis,
1273 1949 1326 1990 ut
1369 1946 1565 2003 accipere

187 2001 382 2058 hospites
423 2003 602 2058 possint.
666 2003 734 2045 Ex
774 2005 859 2047 alio
900 2007 1034 2048 latere
1073 2008 1324 2051 cubiculum
1356 2011 1424 2051 est
1452 2006 1565 2064 poli-

187 2062 424 2118 tissimum3
468 2062 620 2106 deinde
664 2065 733 2106 vel
777 2066 1025 2109 cubiculum
1072 2069 1235 2124 grande
1278 2068 1350 2112 vel
1390 2067 1566 2112 modica

188 2122 377 2177 cenatio,
414 2137 523 2178 quae
555 2124 743 2179 plurimo
776 2127 886 2179 sole,
923 2128 1111 2182 plurimo
1144 2130 1255 2172 mari
1286 2130 1425 2185 lucet3
1461 2130 1566 2186 post

1588 803 1624 832 10

1588 1110 1624 1138 15

1589 1719 1627 1748 2⁵

187 2183 300 2226 hanc
338 2183 586 2226 cubiculum
625 2199 722 2227 cum
755 2192 1035 2244 procoetone,
1073 2189 1305 2234 altitudine
1337 2189 1566 2246 aestivum,
1616 2232 1618 2234 .

287 2294 304 2325 1
338 2290 379 2326 in
405 2289 435 2326 Ο
461 2290 612 2326 litterae
639 2304 742 2337 pra.
867 2298 887 2328 3
919 2294 992 2331 hae
1018 2296 1159 2341 FDp,
1186 2308 1207 2333 e
1233 2299 1271 2334 R
1307 2298 1406 2334 haec
1430 2309 1457 2334 a
1494 2308 1564 2334 om.

188 2338 235 2374 M
248 2339 307 2375 Vr
317 2348 349 2374 ς.
483 2342 501 2373 7
531 2340 643 2374 simul
664 2352 734 2386 pro
759 2341 837 2376 iam
864 2343 914 2378 M
927 2344 966 2378 V.
1102 2349 1145 2380 12
1172 2327 1360 2391 prospicit
1385 2345 1406 2382 9
1424 2325 1491 2391 ff„
1515 2346 1564 2391 cf·

182 2398 223 2433 p.
248 2390 308 2431 51,
335 2390 392 2423 14.
556 2392 599 2423 17
631 2389 890 2434 plurissimum
923 2392 980 2437 D,
1011 2393 1219 2438 plurimum
1252 2396 1486 2440 Mammea,
1517 2393 1565 2439 cf.

186 2435 294 2481 infra
319 2436 342 2471 l.
363 2438 423 2472 32.
447 2457 496 2463 —
521 2449 552 2472 v.
575 2437 763 2481 Hofacker
781 2450 821 2484 p.
843 2442 901 2475 54.
1001 2445 1046 2477 32
1073 2442 1238 2488 plurimo
1265 2443 1346 2480 sole
1369 2455 1439 2481 om.
1459 2443 1512 2480 M
1523 2442 1566 2480 V·
