1630 2678
526 126 882 165 EPISTULARUM
907 126 961 162 111
988 130 1095 162 1—4.
1448 125 1507 169 61

103 246 414 304 spectatusque
452 241 706 299 contigerit,
751 242 877 297 pater
915 253 1091 295 quoque
1130 240 1175 281 et
1212 239 1395 294 patruus
1440 236 1503 279 in-

102 305 234 352 lustri
272 304 403 349 laude
443 302 682 360 conspicui.
755 300 924 353 Quibus
977 299 1182 343 omnibus
1223 299 1286 342 ita
1326 298 1503 341 demum
1531 310 1552 343 2

103 367 262 414 similis
306 365 545 420 adolescet,
592 364 630 407 si
671 363 867 406 imbutus
908 361 1107 405 honestis
1148 359 1316 404 artibus
1358 359 1505 414 fuerit,

104 442 215 487 quas
245 426 488 486 plurimum
519 425 654 469 refert
685 439 711 468 a
736 439 824 481 quo
851 423 1133 480 potissimum
1160 421 1359 478 accipiat.
1416 419 1504 463 Ad·
1531 433 1552 465 3

60 510 81 539 s
104 490 194 535 huc
232 489 362 533 illum
403 486 618 545 pueritiae
657 486 772 529 ratio
818 485 935 528 intra
988 483 1326 528 contubernium
1377 484 1504 524 tuum

104 550 267 607 tenuit,
310 551 616 607 praeceptores
667 547 788 590 domi
837 546 1014 601 habuit,
1056 545 1134 588 ubi
1175 547 1243 588 est
1283 542 1505 587 erroribus

105 612 280 657 modica
310 611 382 654 vel
406 611 539 654 etiam
572 609 695 652 nulla
720 607 913 651 materia.
971 605 1064 650 Iam
1092 605 1237 649 studia
1263 605 1357 648 eius
1383 606 1508 647 extra

104 673 243 718 limen
266 671 529 730 proferenda
553 672 668 723 sunt,
694 669 781 712 iam
808 666 1224 725 circumspiciendus
1249 667 1402 709 rhetor
1426 664 1507 708 La-

6 737 27 798 2
105 735 240 790 tinus,
263 734 390 778 cuius
422 731 597 777 scholae
629 730 850 786 severitas,
881 729 1038 787 pudor,
1068 728 1115 771 in
1147 728 1301 785 primis
1327 727 1507 771 castitas

44 814 84 843 ιο
107 797 293 841 constet.
365 793 506 838 Adest
544 793 661 836 enim
703 791 974 835 adulescenti
1013 792 1167 834 nostro
1208 804 1309 833 cum
1351 787 1507 832 ceteris
1533 801 1556 833 4

106 860 291 901 naturae
329 855 619 912 fortunaeque
657 852 835 897 dotibus
874 852 1035 896 eximia
1078 851 1276 907 corporis
1316 849 1509 906 pulchri·

107 918 240 974 tudo,
269 917 343 962 cui
373 917 420 960 in
450 916 538 960 hoc
567 915 738 959 lubrico
771 914 928 958 aetatis
961 928 1051 957 non
1070 915 1332 970 praeceptor
1363 910 1509 966 modo,

108 979 183 1024 sed
227 980 377 1023 custos
421 978 554 1021 etiam
597 979 828 1032 rectorque
873 974 1148 1032 quaerendus
1193 976 1270 1016 est.
1343 972 1510 1015 Videor
1535 984 1557 1016 5

107 1054 214 1099 ergo
245 1039 544 1084 demonstrare
569 1038 653 1081 tibi
678 1052 807 1095 posse
834 1035 996 1080 Iulium
1023 1034 1288 1079 Genitorem.
1322 1032 1510 1076 Amatur

46 1119 84 1148 ιε
107 1117 135 1146 a
165 1115 254 1155 me;
285 1100 450 1144 iudicio
482 1103 630 1143 tamen
662 1114 760 1142 meo
793 1113 884 1142 non
925 1098 1073 1141 obstat
1111 1097 1270 1140 caritas
1303 1095 1508 1149 hominis,

107 1177 220 1220 quae
250 1177 306 1206 ex
330 1161 493 1205 iudicio
526 1163 631 1204 nata
670 1163 746 1204 est.
812 1159 894 1203 Vir
931 1161 998 1203 est
1035 1157 1292 1202 emendatus
1331 1159 1376 1199 et
1414 1171 1510 1214 gra·

106 1224 196 1279 vis,
225 1223 359 1281 paulo
391 1223 524 1267 etiam
556 1221 779 1266 horridior
810 1223 855 1264 et
886 1220 1037 1264 durior
1062 1223 1113 1263 ut
1145 1219 1190 1262 in
1215 1219 1299 1262 hac
1330 1217 1511 1261 licentia

106 1287 371 1342 temporum.
403 1282 627 1335 Quantum
647 1283 900 1340 eloquentia
919 1282 1077 1337 valeat,
1102 1280 1302 1337 pluribus
1336 1278 1510 1322 credere
1537 1292 1558 1324 6

107 1348 254 1404 potes3
313 1360 417 1390 nam
449 1345 623 1389 dicendi
654 1344 841 1388 facultas
874 1346 1026 1400 aperta
1058 1345 1101 1385 et
1127 1340 1328 1398 exposita
1359 1340 1509 1383 statim

46 1424 84 1453 n
108 1407 315 1452 cernitur.
365 1405 471 1450 Vita
495 1406 726 1450 hominum
753 1406 867 1449 altos
887 1418 1082 1448 recessus
1109 1416 1379 1460 magnasque
1404 1401 1511 1444 late-

110 1469 208 1513 bras
239 1467 392 1524 habet,
424 1468 548 1512 cuius
580 1482 662 1524 pro
696 1466 904 1511 Genitore
943 1480 1012 1508 me
1051 1478 1308 1521 sponsorem
1348 1462 1508 1518 accipe.

107 1528 237 1574 Nihil
267 1544 322 1573 ex
351 1529 438 1573 hoc
468 1529 564 1572 viro
602 1529 722 1571 filius
760 1530 863 1571 tuus
902 1527 1050 1570 audiet
1087 1526 1174 1568 nisi
1214 1523 1510 1582 profuturum,
1538 1537 1557 1569 ’1

108 1590 222 1635 nihil
253 1590 410 1647 discet,
449 1589 568 1647 quod
609 1590 800 1633 nescisse
844 1588 1007 1631 rectius
1039 1587 1192 1641 fuerit,
1240 1600 1323 1629 nec
1363 1585 1509 1628 minus

109 1666 239 1709 saepe
270 1651 327 1695 ab
358 1651 437 1695 illo
470 1666 602 1708 quam
642 1667 668 1693 a
704 1653 748 1693 te
790 1664 945 1705 meque
984 1647 1311 1702 admonebitur,
1350 1646 1509 1703 quibus

48 1730 86 1760 ιι
110 1712 376 1771 imaginibus
403 1715 625 1767 oneretur,
660 1726 772 1767 quae
806 1711 986 1753 nomina
1018 1711 1062 1753 et
1094 1711 1258 1766 quanta
1284 1708 1510 1751 sustineat.

110 1771 300 1818 Proinde
331 1773 580 1817 faventibus
614 1772 680 1815 dis
713 1771 836 1815 trade
878 1786 977 1814 eum
1020 1770 1312 1828 praeceptori,
1354 1785 1379 1812 a
1421 1783 1509 1825 quo

111 1849 254 1878 mores
298 1834 509 1891 primum,
555 1847 659 1876 mox
703 1833 1002 1890 eloquentiam
1042 1832 1199 1887 discat,
1243 1846 1354 1888 quae
1397 1830 1510 1874 male

112 1895 206 1939 sine
238 1894 434 1939 moribus
466 1894 660 1938 discitur.
725 1893 845 1938 Vale.

772 2007 842 2047 IV.

50 2097 88 2125 ω
327 2083 370 2117 C.
393 2083 592 2116 PLINIUS
619 2082 856 2116 CAECILIO
885 2082 1109 2115 MACRINO
1138 2081 1232 2113 SIJs)
1262 2082 1300 2113 S.

223 2162 431 2216 Quamvis
459 2165 503 2207 et
528 2163 676 2219 amici,
702 2177 812 2220 quos
839 2165 1088 2220 praesentes
1109 2161 1336 2216 habebam,
1363 2163 1406 2203 et
1427 2175 1511 2203 ser·
1540 2173 1558 2205 1

113 2239 264 2270 mones
295 2225 526 2269 hominum
558 2224 722 2268 factum
758 2239 902 2267 meum
929 2223 1238 2280 comprobasse
1271 2221 1514 2277 videantur,

112 2286 264 2345 magni
303 2289 451 2330 tamen
493 2285 677 2329 aestimo
722 2285 852 2341 scire,
894 2284 999 2342 quid
1045 2284 1206 2327 sentias
1252 2285 1312 2326 tu.
1384 2281 1514 2339 Nam,
1539 2295 1561 2327 2

219 2410 265 2442 14
298 2417 369 2453 ego
400 2417 469 2452 pro
502 2416 593 2451 ergo
626 2405 796 2442 sichard.
830 2406 988 2449 fortasse
1020 2409 1125 2449 recte,
1159 2403 1207 2447 cs.
1241 2402 1293 2438 ad
1329 2403 1434 2439 Trai.
1461 2405 1514 2439 23

115 2455 212 2501 (34),
241 2458 275 2491 1.
376 2457 422 2491 80
448 2453 616 2491 Caecilio
643 2465 688 2491 ex
713 2454 790 2491 solo
818 2454 863 2491 R.
