1716 2742
9 821 47 850 1⁰

9 1135 47 1163 15

11 1449 48 1477 2⁰

13 1762 52 1791 25

481 122 840 163 PANEGYRICUS
869 129 902 171 7,
918 135 934 162 2
948 147 996 153 —
1012 128 1047 171 8,
1061 135 1088 163 ³.
1408 125 1497 171 327

72 257 276 299 manum,
307 241 549 298 exercitus,
581 241 854 299 provincias,
880 241 1025 286 socios
1052 240 1394 285 transmissurus
1421 241 1501 284 uni

72 317 374 350 successorem
408 319 431 348 e
459 305 561 348 sinu
586 305 739 348 uxoris
768 304 961 362 accipias
989 318 1279 361 summaeque
1304 305 1500 361 potesta-

71 367 130 412 tis
161 366 371 412 heredem
403 369 579 411 tantum
614 368 732 411 intra
765 368 948 411 domum
987 370 1113 411 tuam
1154 365 1370 424 quaeras?
1408 381 1502 410 non

70 431 215 474 totam
247 445 328 488 per
366 429 596 474 civitatem
640 430 927 474 circumferas
971 430 1125 474 oculos
1168 432 1214 473 et
1253 429 1375 474 hunc
1416 428 1502 472 tibi

70 491 349 551 proximum,
401 491 523 536 hunc
581 492 1000 537 coniunctissimum
1058 492 1309 549 existimes,
1368 506 1501 549 quem

70 555 314 614 optimum,
345 570 479 612 quem
512 555 865 599 dissimillimum
898 554 1151 600 inveneris?
1196 553 1501 613 Imperaturus
1530 567 1551 600 6

71 617 281 664 omnibus
314 617 420 677 eligi
463 617 595 662 debet
641 633 695 662 ex
738 618 966 675 omnibus3
1010 633 1104 662 non
1149 617 1267 662 enim
1313 617 1502 662 servulis

70 679 162 726 tuis
195 681 532 738 dominum,'ut
563 681 709 738 possis
744 696 840 725 esse
873 683 1110 725 contentus
1146 681 1274 738 quasi
1303 696 1503 726 necessa—

69 743 140 788 rio
171 742 354 802 herede,
380 743 457 788 sed
482 744 733 801 principem
760 744 933 788 civibus
962 743 1146 787 daturus
1174 759 1221 788 es
1248 744 1502 801 imperator.

73 805 327 865 Superbum
360 806 481 851 istud
514 809 558 851 et
598 806 794 865 regium,
838 806 926 850 m'si
969 806 1155 864 adoptes
1200 822 1324 864 eum,
1370 822 1503 864 quem

72 871 249 915 constet
300 869 626 927 imperaturum
667 869 827 927 fuisse,
873 869 1049 913 etiamsi
1092 884 1187 913 non
1231 869 1504 927 adoptasseS.

71 931 198 977 Fecit
227 932 317 977 hoc
348 931 501 977 Nerva
532 932 648 976 nihil
680 932 895 976 interesse
923 932 1185 990 arbitratus,
1212 932 1418 991 genuerit
1447 948 1504 976 an
1533 943 1552 976 7

72 995 278 1055 elegerit,
317 995 356 1039 si
393 995 578 1052 perinde
621 995 717 1039 sine
759 994 925 1040 iudicio
969 995 1240 1053 adoptentur
1279 994 1411 1039 liberi
1453 1010 1505 1039 ac

70 1060 335 1116 nascuntur3
379 1058 468 1103 nisi
521 1058 642 1116 quod
693 1060 845 1102 tamen
899 1057 1109 1115 aequiore
1162 1058 1311 1102 animo
1354 1058 1505 1102 ferunt

71 1120 278 1166 homines
285 1155 299 1179 ,
332 1135 466 1178 quem
498 1121 706 1179 princeps
740 1136 899 1178 parum
933 1120 1124 1165 feliciter
1157 1120 1334 1180 genuit,
1370 1136 1504 1178 quam

73 1199 207 1242 quem
249 1184 367 1228 male
409 1185 557 1244 elegit.
634 1182 801 1228 Sedulo
845 1198 952 1243 ergo
996 1183 1156 1227 vitavit
1198 1183 1319 1228 hunc
1352 1198 1504 1228 casum
1530 1181 1562 1229 8

71 1261 156 1292 nec
198 1246 334 1291 modo
386 1247 552 1292 iudicia
603 1246 857 1304 hominum,
911 1246 988 1291 sed
1035 1246 1219 1290 deorum
1266 1247 1400 1290 etiam
1459 1247 1507 1290 in

73 1309 311 1355 consilium
346 1309 606 1368 adsumpsit.
671 1308 829 1367 Itaque
862 1325 955 1354 non
988 1310 1035 1353 in
1080 1309 1308 1367 cubiculo,
1349 1309 1425 1354 sed
1458 1309 1507 1353 in

72 1373 265 1432 templo,
295 1387 380 1417 nec
421 1375 524 1417 ante
565 1372 787 1432 genialem
827 1375 997 1430 torum,
1037 1372 1113 1416 sed
1154 1375 1256 1416 ante
1298 1372 1508 1430 pulvinar

72 1434 194 1480 Iovis
227 1435 389 1494 optimi
421 1435 606 1480 maximi
639 1435 822 1492 adoptio
855 1438 1035 1492 peracta
1072 1437 1157 1492 est,
1198 1450 1287 1492 qua
1324 1435 1506 1479 tandem

73 1513 167 1543 non
211 1498 404 1543 servitus
448 1501 622 1556 nostra,
669 1498 744 1542 sed
797 1498 917 1542 salus
964 1500 1008 1542 et
1052 1498 1236 1542 libertas
1289 1501 1334 1542 et
1385 1513 1507 1543 secu-

73 1561 184 1606 ritas
228 1560 514 1605 fundabatur.
593 1559 691 1605 Sibi
734 1561 853 1604 enim
897 1561 1088 1620 gloriam
1131 1560 1255 1604 illam
1311 1560 1357 1604 di
1409 1561 1505 1605 vin-
1534 1573 1556 1605 2

74 1623 357 1669 dicaverunt:
388 1624 551 1669 horum
580 1638 692 1681 opus
719 1623 852 1681 illud,
878 1623 1040 1667 horum
1068 1624 1318 1680 imperium.
1357 1622 1509 1668 Nerva

74 1689 252 1731 tantum
297 1686 387 1731 fuit
438 1687 643 1731 minister
688 1689 822 1743 atque
874 1686 932 1743 is,
983 1685 1059 1744 qui
1106 1686 1371 1744 adoptabat,
1415 1689 1508 1730 tam

75 1749 226 1808 paruit
272 1765 407 1807 quam
459 1753 530 1807 tu,
583 1750 661 1807 qui
714 1749 1013 1807 adoptabaris.
1091 1748 1257 1793 Adlata
1308 1751 1404 1793 erat
1455 1765 1510 1793 ex

74 1811 309 1858 Pannonia
359 1813 512 1857 laurea
570 1813 616 1856 id
677 1812 914 1871 agentibus
975 1811 1062 1869 dis,
1112 1815 1165 1856 ut
1220 1812 1378 1857 invicti
1429 1812 1510 1856 im-

74 1876 295 1934 peratoris
329 1875 563 1920 exordium
595 1875 809 1920 victoriae
849 1875 1028 1934 insigne
1070 1874 1311 1919 decoraret.
1377 1874 1508 1920 Hanc
1536 1887 1558 1920 3

178 2016 224 2049 12
246 2011 304 2048 nil
323 2013 547 2059 Bor-necque
571 2024 609 2059 Ρ.
624 2014 710 2049 214.
732 2033 778 2039 —
800 2011 980 2059 genuerit
1002 2022 1053 2047 an
1074 2010 1240 2059 elegerit
1261 2011 1441 2059 (elegeris
1456 2012 1508 2058 R)

77 2061 133 2100 B'
147 2062 290 2108 COR,
317 2062 500 2110 genueris
528 2073 579 2098 an
604 2061 770 2110 elegeris
796 2067 877 2099 cett.
1024 2066 1067 2098 17
1095 2061 1288 2098 iudicium
1316 2062 1366 2107 R,
1394 2062 1447 2099 K.
1462 2063 1517 2099 II

77 2112 177 2158 (ind.
193 2075 357 2150 Halengs.
376 2124 414 2160 Ρ.
428 2112 549 2159 XII),
565 2113 722 2158 Baehr„
738 2113 889 2158 Muell.,
904 2112 1054 2148 iudicia
1075 2124 1122 2149 ex
1138 2123 1207 2149 suo
1222 2113 1260 2148 A
1279 2113 1331 2149 K.
1344 2113 1379 2158 Ι,
1395 2112 1510 2158 Sust„

77 2162 226 2200 iudicio
247 2164 422 2210 plerique
443 2163 548 2199 codd.
654 2166 699 2199 18
721 2174 800 2199 non
820 2142 929 2200 ΑΒ’
941 2163 1040 2207 OR,
1062 2163 1115 2199 Κ.
1130 2163 1190 2207 ΙΙ,
1221 2162 1336 2207 Sust„
1358 2163 1510 2209 Muell„

77 2224 157 2250 non
182 2214 227 2250 tu
249 2213 310 2259 Μ,
337 2224 416 2250 11011
442 2214 526 2249 tum
548 2214 703 2257 Baehr„
730 2225 808 2250 non
835 2215 904 2249 tua
930 2213 1092 2258 Burkh„
1119 2212 1180 2248 tui
1206 2223 1286 2249 non
1305 2212 1510 2259 Sehaefer„

79 2263 133 2301 K.
146 2264 181 2301 I.
294 2262 368 2299 24*
394 2263 472 2299 fuit
498 2263 678 2299 minister
703 2265 749 2300 ut
775 2263 843 2310 qui
871 2263 1079 2321 adoptaret
1105 2262 1160 2300 B'
1175 2263 1272 2308 ΟΕ,
1305 2263 1394 2300 item
1426 2267 1510 2301 cett.

78 2314 200 2360 codd„
220 2314 286 2351 sed
299 2325 374 2361 pro
393 2315 439 2350 ut
459 2313 528 2360 qui
544 2314 717 2361 plerique
736 2315 859 2360 utque
880 2313 948 2360 qui
969 2326 1001 2351 v.
1023 2313 1181 2360 utrique
1203 2313 1271 2359 qui
1291 2325 1324 2350 v.
1344 2315 1510 2360 uterque

80 2364 166 2410 qui3
200 2365 364 2402 B.aehr:
395 2363 576 2400 minister
609 2363 686 2400 fuit
719 2363 969 2411 adiutorque:
1006 2363 1075 2411 qui
1103 2363 1252 2413 (cum)
1282 2363 1510 2411 adoptaret3

80 2414 228 2452 Bwrkh.
246 2415 356 2462 prob.
379 2415 537 2451 Muell..·
556 2426 607 2450 m.
628 2414 655 2451 f.
678 2414 930 2460 adiutorque:
960 2426 1047 2451 eum
1069 2414 1223 2460 adopt.;
1252 2414 1325 2451 K..·
1350 2426 1400 2451 m.
1423 2414 1450 2451 f.
1472 2416 1512 2451 et

81 2464 151 2511 qui
171 2464 392 2512 adoptabat
410 2463 453 2510 .9;
473 2476 557 2512 eqo:
576 2476 626 2500 m.
642 2464 669 2500 f.
686 2465 805 2511 atque
825 2464 859 2500 is
882 2464 950 2511 qui
972 2463 1203 2511 adoptabat,
1231 2464 1279 2510 cf.
1297 2476 1338 2512 Ρ.
1354 2467 1442 2511 326,
1461 2467 1512 2502 27

82 2519 118 2552 et
142 2515 252 2560 infra
278 2527 361 2562 cap.
384 2517 444 2560 39,
465 2517 489 2552 3
516 2519 551 2552 et
576 2518 637 2561 89,
657 2517 704 2560 2,·
730 2515 804 2551 alii
830 2515 923 2552 alia.
