1716 2742
568 94 930 133 EPISTULARUM
957 98 1116 133 90-95.
1471 97 1560 143 307

136 226 398 258 concessum
431 213 500 257 est
537 226 721 256 eranum
759 210 941 269 habere,
981 225 1242 270 possumus,
1281 225 1370 269 quo
1413 209 1562 254 minus

134 275 350 333 habeant,
386 290 479 320 non
520 274 758 332 impedire,
796 289 849 319 eo
888 273 1086 332 facilius,
1125 273 1163 318 si
1201 273 1284 319 tali
1322 273 1563 319 collatione

133 353 228 384 non
259 338 316 383 ad
347 337 503 383 turbas
536 340 581 382 et
613 337 669 381 ad
701 337 899 382 inlicitos
932 339 1106 395 coetus,
1139 337 1217 382 sed
1249 337 1306 382 ad
1342 335 1563 381 sustinen-

134 401 238 446 dam
257 401 515 446 tenuiorum
541 400 741 459 inopiam
761 403 962 445 utuntur.
1026 399 1081 445 ln
1107 399 1264 445 ceteris
1291 398 1563 456 civitatibus,
1573 397 1605 552 u

90 477 109 507 5
135 478 248 523 quae
279 467 437 509 nostro
470 464 566 509 iure
599 464 787 509 obstrict
767 466 840 509 tae
874 466 997 522 sunt,
1028 479 1098 508 res
1131 463 1266 508 huius
1305 462 1429 508 modi
1461 477 1563 520 pro-

132 526 327 573 hibenda
356 530 434 573 est.

676 619 822 661 XCIV.
859 617 1020 672 [xcv]

408 707 451 742 C.
472 707 678 742 PLINIUS
706 707 930 742 TRAIANO
957 706 1289 741 IMPERATORI.

226 788 493 836 Suetonium
536 789 872 849 Tranquillum,
915 789 1257 848 probissimum,
1301 790 1563 836 honestissi-
1590 803 1611 837 1

69 871 107 900 ιο
131 869 276 911 11111111,
307 853 662 899 eruditissimum
693 854 860 911 virum,
900 856 945 897 et
983 867 1129 896 mores
1163 853 1257 896 eius
1299 856 1477 898 secutus
1518 857 1564 899 et

131 916 281 962 studia
311 917 402 962 iam
434 917 629 975 pridem,
662 916 860 972 domine,
887 916 935 960 in
962 915 1305 961 contubernium
1332 916 1563 988 adsumpsi

129 981 348 1038 tantoque
390 980 534 1039 magis
578 979 763 1039 diligere
806 979 953 1038 coepi,
997 981 1166 1036 quanto
1208 994 1330 1024 nunc
1373 980 1562 1038 propius

130 1041 317 1101 inspexi.
382 1042 503 1088 Huic
528 1043 598 1087 ius
625 1043 763 1087 trium
789 1042 1036 1087 liberorum
1061 1042 1364 1086 necessarium
1390 1043 1564 1087 faciunt
1588 1056 1610 1089 2

130 1105 244 1150 duae
277 1120 456 1164 causae3
487 1121 593 1150 nam
628 1108 672 1150 et
704 1105 870 1150 iudicia
910 1105 1158 1150 amicorum
1197 1108 1478 1163 promeretur
1517 1108 1563 1150 et

66 1185 104 1214 111
128 1183 290 1228 parum
327 1168 438 1213 felix
475 1169 814 1214 matrimonium
854 1171 1063 1227 expertus
1107 1171 1175 1212 est
1213 1168 1562 1226 impetrandum-

130 1246 218 1290 que
250 1248 278 1276 a
307 1232 510 1277 bonitate
542 1234 621 1276 tua
652 1248 734 1290 per
765 1246 848 1276 nos
887 1231 1046 1288 habet,
1086 1231 1206 1289 quod
1246 1232 1315 1275 illi
1353 1231 1562 1277 fortunae

129 1294 388 1355 malignitas
434 1295 683 1354 denegavit.
750 1293 872 1353 Scio,
919 1294 1119 1352 domine,
1167 1297 1386 1353 quantum
1431 1295 1562 1340 bene-
1589 1308 1611 1342 3

129 1357 280 1404 ficium
302 1361 470 1418 petam,
496 1359 572 1403 sed
599 1361 705 1417 peto
727 1374 754 1402 a
779 1361 835 1415 te,
864 1358 991 1404 cuius
1018 1358 1066 1401 in
1093 1358 1302 1402 omnibus
1330 1358 1561 1403 desideriis

128 1422 241 1466 meis
292 1421 620 1481 indulgentiam
680 1422 895 1480 experior.
964 1421 1099 1466 Potes
1159 1421 1279 1465 enim
1337 1421 1562 1481 colligere,

66 1501 103 1530 »ο
129 1487 299 1543 quanto
345 1500 480 1543 opere
520 1485 717 1543 cupiam,
762 1484 884 1543 quod
926 1499 1019 1528 non
1058 1499 1264 1544 rogarem
1305 1484 1483 1543 absens,
1523 1485 1562 1529 si

127 1547 413 1594 mediocriter
444 1563 668 1607 cuperem.

673 1689 796 1731 xcv.
833 1688 1015 1743 [xcvi]

609 1779 865 1814 TRAIANUS
892 1780 1082 1815 PLINIO.

222 1862 367 1917 Quam
399 1878 533 1922 parce
565 1863 677 1908 haec
708 1863 927 1908 beneficia
952 1863 1165 1921 tribuam,
1192 1862 1369 1921 utique,
1395 1863 1459 1907 mi
1486 1862 1561 1908 Se-

64 1942 101 1971 85
127 1927 272 1972 cunde
305 1926 554 1984 carissime,
584 1926 740 1971 haeret
770 1926 873 1984 tibi,
908 1941 1010 1971 cum
1042 1927 1179 1971 etiam
1211 1926 1260 1970 in
1293 1929 1450 1971 senatu
1487 1926 1561 1970 ad-

126 1990 305 2034 firmare
351 1990 519 2034 soleam
569 2005 663 2034 non
708 1990 950 2034 excessisse
1002 2005 1072 2034 me
1120 2005 1375 2047 numerum,
1426 2005 1560 2047 quem

127 2052 248 2112 apud
280 2052 608 2111 amplissimum
642 2052 843 2097 ordinem
871 2053 1162 2098 suffecturum
1188 2053 1301 2096 mihi
1330 2052 1559 2110 professus

126 2131 247 2161 sum:
291 2118 371 2160 tuo
417 2118 569 2160 tamen
614 2115 834 2160 desiderio
881 2116 1126 2174 subscripsi
1172 2118 1217 2160 et
1269 2115 1442 2160 dedisse
1487 2131 1559 2160 me

126 2179 196 2225 ius
222 2179 361 2224 trium
392 2178 638 2223 liberorum
667 2177 883 2223 Suetonio
911 2178 1175 2237 Tranquillo
1204 2194 1255 2223 ea
1282 2178 1560 2237 condicione,

63 2258 101 2286 ³0
127 2258 217 2300 qua
248 2241 450 2300 adsuevi,
483 2242 639 2286 referri
672 2242 719 2286 in
752 2242 1097 2287 commentarios
1132 2256 1254 2287 meos
1288 2242 1410 2286 iussi.

226 2394 273 2428 10
293 2390 462 2428 intuitus
482 2391 503 2428 ,9
522 2391 660 2429 Muell.
763 2395 808 2428 12
830 2404 935 2429 nunc
955 2392 1001 2429 de
1021 2391 1264 2438 Winterfeld,
1287 2391 1439 2438 Muell„
1461 2392 1556 2429 tunc

126 2441 332 2487 Gumther,
358 2441 463 2479 hunc
489 2442 603 2491 vuly„
630 2442 701 2480 del.
726 2442 776 2479 K.
792 2443 850 2479 II.
1000 2445 1045 2479 19
1073 2442 1172 2479 meis
1198 2442 1469 2490 plenissimam
1498 2442 1556 2479 in-

125 2491 373 2540 dulgentiam
400 2504 439 2529 a.

1254 2569 1327 2606 20*
