1716 2742
497 130 861 168 EPISTULARUM
886 130 940 166 IX
969 132 1129 167 22—25.
1439 131 1530 175 249

99 246 171 292 cui
213 247 407 293 Rufinus
450 246 763 291 demonstrans
810 261 900 289 me:
946 244 1105 289 ‘Vides
1149 243 1322 288 hune?’
1386 243 1532 287 Multa

99 310 259 355 deinde
292 310 347 354 de
380 308 540 355 studiis
572 309 760 365 nostris,
803 311 848 352 et
880 308 976 352 ille:
1017 306 1207 351 ‘Plinius
1242 306 1330 351 est'
1370 306 1529 363 inquit.

98 372 271 417 Verum
307 372 504 429 fatebor,
556 372 685 430 capio
725 386 941 430 magnum
980 370 1151 414 laboris
1191 370 1281 414 mei
1320 369 1531 413 fructum.

99 435 195 493 An,
226 435 266 480 si
291 434 618 480 Demosthenes
647 434 743 478 iure
769 433 963 478 laetatus
992 435 1077 489 est,
1113 432 1234 489 quod
1260 432 1391 475 illum
1419 447 1532 476 anus

56 511 73 540 5
98 496 255 543 Attica
298 498 363 543 ita
406 497 668 542 noseitavit:
715 492 884 549 εΟὗτός
922 494 1020 541 ἐστι
1059 494 1407 553 Δημοσθένης’,
1447 509 1531 553 ego

99 560 360 606 celebritate
392 560 590 604 nominis
624 559 713 604 mei
745 559 940 619 gaudere
971 572 1066 602 non
1094 558 1265 602 debeo?
1299 557 1398 616 Ego
1426 572 1533 601 vero

100 626 146 667 et
171 623 345 683 gaudeo
373 626 419 667 et
444 623 638 683 gaudere
665 638 736 666 me
764 621 876 667 dico.
935 620 1096 679 Neque
1124 620 1242 664 enim
1270 634 1445 677 vereor,
1477 635 1534 663 ne

99 685 341 731 iactantior
378 685 551 743 videar,
590 700 693 730 cum
734 685 788 729 de
825 700 896 728 me
936 684 1129 728 aliorum
1163 683 1400 740 iudicium,
1442 690 1535 726 non

100 764 252 794 meum
285 749 485 807 profero,
518 747 783 806 praesertim
816 747 935 806 apud
968 749 1031 803 te,
1073 746 1151 804 qui
1183 760 1267 790 nec
1299 746 1435 789 ullius
1469 745 1534 789 in-

38 825 74 852 10
100 811 226 857 vides
258 810 468 856 laudibus
503 815 548 855 et
579 810 702 855 faves
735 810 915 854 nostris.
982 808 1106 854 Vale.

744 927 894 967 XXIV.
982 925 1029 952 υ·
1066 912 1134 956 ΤΞ
1164 918 1248 946 ‘2¹

437 1017 479 1052 C.
501 1017 708 1051 PLINIUS
738 1015 1012 1050 SABINIANO
1043 1015 1137 1049 SUO
1169 1015 1206 1048 S.

196 1099 320 1145 Bene
358 1099 524 1157 fecisti,
566 1100 687 1157 quod
725 1099 940 1143 libertum
981 1097 1223 1155 aliquando
1265 1097 1350 1141 tibi
1384 1111 1537 1140 carum

101 1163 420 1209 reducentibus
453 1162 661 1220 epistulis
694 1162 806 1206 meis
839 1161 888 1205 in
921 1161 1104 1205 domum
1112 1195 1124 1217 7
1158 1160 1205 1203 in
1239 1160 1439 1203 animum
1471 1174 1538 1202 re-

41 1238 76 1265 15
103 1226 277 1285 cepisti.
340 1224 521 1270 Iuvabit
549 1225 637 1270 hoc
667 1228 731 1269 te:
764 1239 836 1268 me
868 1227 987 1268 certe
1015 1224 1159 1280 iuvat,
1191 1223 1387 1280 primum
1417 1221 1536 1279 quod

102 1293 147 1334 te
176 1291 271 1333 tam
300 1288 585 1334 tractabilem
618 1287 771 1345 video,
802 1290 854 1331 ut
883 1287 930 1331 in
960 1287 1027 1330 ira
1052 1287 1149 1344 regi
1178 1286 1344 1343 possis,
1378 1284 1539 1329 deinde

104 1351 226 1410 quod
270 1354 448 1397 tantum
494 1350 610 1395 mihi
654 1350 838 1406 tribuis,
891 1352 944 1393 ut
988 1349 1061 1393 vel
1106 1347 1367 1392 auctoritati
1414 1362 1538 1391 meae

102 1430 260 1472 pareas
293 1414 367 1459 vel
392 1413 601 1473 precibus
634 1413 882 1472 indulgeas.
935 1410 1083 1471 Igitur
1116 1414 1162 1455 et
1193 1410 1327 1455 laudo
1363 1413 1407 1454 et
1441 1425 1538 1469 gra·-

104 1477 191 1522 tias
231 1492 338 1537 ago3
380 1476 516 1522 simul
554 1477 603 1520 in
642 1479 875 1534 posterum
910 1489 1091 1531 moneo,
1134 1476 1185 1517 ut
1224 1475 1268 1517 te
1310 1473 1538 1517 erroribus

4 1546 8 1551 ’
41 1549 78 1578 2⁰
105 1543 308 1598 tuorum,
350 1539 436 1584 etsi
479 1554 572 1583 non
614 1539 771 1596 fuerit,
817 1539 895 1596 qui
941 1536 1226 1595 deprecetur,
1272 1535 1539 1593 placabilem

103 1605 316 1662 praestes.
381 1602 507 1647 Vale.

760 1678 887 1719 XXV.

434 1770 476 1804 C.
498 1770 704 1803 PLINIUS
732 1768 1026 1801 MAMILIANO
1055 1767 1150 1801 SUO
1181 1767 1218 1801 S.

202 1853 411 1906 Quereris
445 1853 499 1897 de
532 1853 666 1896 turba
694 1851 990 1896 castrensium
1016 1849 1305 1909 negotiorum
1334 1852 1395 1905 et,
1429 1852 1540 1893 tam-

0 1949 3 1955 >
44 1931 80 1959 25
107 1931 243 1974 quam
277 1931 455 1960 summo
489 1915 581 1959 otio
615 1914 865 1971 perfruam,
898 1915 1023 1958 lusus
1057 1917 1104 1957 et
1135 1912 1328 1970 ineptias
1362 1915 1540 1956 nostras

106 1978 240 2038 legis,
283 1993 425 2035 amas,
467 1978 645 2037 flagitas
685 1991 846 2034 meque
884 1977 941 2020 ad
980 1975 1145 2020 similia
1185 1974 1416 2019 condenda
1448 1989 1541 2018 non
1614 2003 1616 2005 v

1569 1859 1587 1890 1

107 2041 394 2086 mediocriter
426 2040 599 2085 incitas.
664 2038 839 2097 Incipio
881 2039 1000 2083 enim
1041 2054 1095 2082 ex
1133 2038 1221 2082 hoc
1254 2052 1417 2096 genere
1452 2040 1540 2080 stu·
1567 2046 1588 2077 2

108 2105 286 2149 diorum
312 2119 406 2148 non
432 2103 580 2147 solum
607 2102 977 2159 oblectationem,
1003 2116 1159 2145 verum
1187 2100 1321 2144 etiam
1349 2099 1540 2158 gloriam

107 2170 260 2226 petere
281 2169 387 2224 post
407 2165 624 2210 iudicium
647 2168 794 2222 tuum,
828 2164 915 2208 viri
939 2163 1251 2219 eruditissimi,
1285 2161 1542 2220 gravissimi

46 2245 83 2272 30
109 2245 162 2274 ac
194 2244 330 2288 super
362 2228 450 2273 ista
482 2227 718 2272 verissimi.
761 2226 896 2272 Nunc
922 2242 994 2270 me
1020 2241 1172 2270 rerum
1200 2228 1325 2269 actus
1353 2224 1541 2280 modice,
1568 2235 1590 2266 3

110 2292 187 2336 sed
239 2295 392 2336 tamen
446 2290 699 2349 distringit3
752 2305 840 2347 quo
893 2289 1025 2333 finito
1080 2288 1251 2345 aliquid
1300 2286 1541 2331 earundem

110 2354 408 2399 Camenarum
454 2354 502 2397 in
547 2353 684 2397 istum
731 2351 1108 2412 benignissimum
1155 2351 1303 2394 sinum
1350 2349 1540 2393 mittam.

210 2469 232 2502 5
260 2464 546 2503 demonstravit
571 2476 607 2500 a.
758 2467 803 2499 16
830 2464 870 2499 te
897 2464 980 2499 tam
1006 2463 1122 2499 tract.
1149 2461 1266 2509 vulg„
1291 2462 1330 2497 te
1358 2460 1478 2497 talem
1505 2473 1539 2497 a.

112 2519 158 2553 18
180 2515 296 2564 prius
321 2516 362 2553 ot
386 2527 458 2553 om.
480 2516 541 2561 M,
570 2515 622 2552 K.
636 2516 670 2551 I.
776 2516 822 2550 29
848 2513 1024 2560 graviss„
1050 2511 1190 2549 erudit.
1212 2524 1248 2557 α,
1278 2511 1329 2548 Κ.
1346 2512 1380 2548 Ι.
