<?xml version="1.0" encoding="UTF-8"?>
<!DOCTYPE html PUBLIC "-//W3C//DTD XHTML 1.0 Transitional//EN"
    "http://www.w3.org/TR/xhtml1/DTD/xhtml1-transitional.dtd">
<html xmlns="http://www.w3.org/1999/xhtml" xml:lang="en" lang="en">
 <head>
  <title>
</title>
<meta http-equiv="Content-Type" content="text/html;charset=utf-8" />
  <meta name='ocr-system' content='tesseract 3.04.00' />
  <meta name='ocr-capabilities' content='ocr_page ocr_carea ocr_par ocr_line ocrx_word'/>
</head>
<body>
  <div class='ocr_page' id='page_1' title='image "./epistularumlibr00plin_0309.png"; bbox 0 0 1716 2736; ppageno 0'>
   <div class='ocr_carea' id='block_1_1' title="bbox 45 833 83 860">
    <p class='ocr_par' dir='ltr' id='par_1_1' title="bbox 45 833 83 860">
     <span class='ocr_line' id='line_1_1' title="bbox 45 833 83 860; baseline 0 0"><span class='ocrx_word' id='word_1_1' title='bbox 45 833 83 860; x_wconf 86' lang='lat'><strong>10</strong></span> 
     </span>
    </p>
   </div>
   <div class='ocr_carea' id='block_1_2' title="bbox 47 1146 83 1176">
    <p class='ocr_par' dir='ltr' id='par_1_2' title="bbox 47 1146 83 1176">
     <span class='ocr_line' id='line_1_2' title="bbox 47 1146 83 1176; baseline 0.028 -1"><span class='ocrx_word' id='word_1_2' title='bbox 47 1146 83 1176; x_wconf 78' lang='lat'><strong>15</strong></span> 
     </span>
    </p>
   </div>
   <div class='ocr_carea' id='block_1_3' title="bbox 46 1461 84 1490">
    <p class='ocr_par' dir='ltr' id='par_1_3' title="bbox 46 1461 84 1490">
     <span class='ocr_line' id='line_1_3' title="bbox 46 1461 84 1490; baseline 0.026 -1"><span class='ocrx_word' id='word_1_3' title='bbox 46 1461 84 1490; x_wconf 75' lang='lat'><strong>20</strong></span> 
     </span>
    </p>
   </div>
   <div class='ocr_carea' id='block_1_4' title="bbox 48 1851 85 1880">
    <p class='ocr_par' dir='ltr' id='par_1_4' title="bbox 48 1851 85 1880">
     <span class='ocr_line' id='line_1_4' title="bbox 48 1851 85 1880; baseline 0 0"><span class='ocrx_word' id='word_1_4' title='bbox 48 1851 85 1880; x_wconf 74' lang='lat'><strong>25</strong></span> 
     </span>
    </p>
   </div>
   <div class='ocr_carea' id='block_1_5' title="bbox 49 2167 86 2195">
    <p class='ocr_par' dir='ltr' id='par_1_5' title="bbox 49 2167 86 2195">
     <span class='ocr_line' id='line_1_5' title="bbox 49 2167 86 2195; baseline 0.027 -1"><span class='ocrx_word' id='word_1_5' title='bbox 49 2167 86 2195; x_wconf 73' lang='lat'><strong>³0</strong></span> 
     </span>
    </p>
   </div>
   <div class='ocr_carea' id='block_1_6' title="bbox 549 135 1532 185">
    <p class='ocr_par' dir='ltr' id='par_1_6' title="bbox 549 135 1532 185">
     <span class='ocr_line' id='line_1_6' title="bbox 549 135 1532 185; baseline 0.008 -13"><span class='ocrx_word' id='word_1_6' title='bbox 549 135 912 174; x_wconf 81' lang='lat' dir='ltr'><strong>EPISTULARUM</strong></span> <span class='ocrx_word' id='word_1_7' title='bbox 938 141 1098 174; x_wconf 83' lang='lat'><strong>59—62.</strong></span> <span class='ocrx_word' id='word_1_8' title='bbox 1441 139 1532 185; x_wconf 84' lang='lat'><strong>293</strong></span> 
     </span>
    </p>
   </div>
   <div class='ocr_carea' id='block_1_7' title="bbox 105 251 1588 1620">
    <p class='ocr_par' dir='ltr' id='par_1_7' title="bbox 105 251 1588 1620">
     <span class='ocr_line' id='line_1_7' title="bbox 106 251 1535 311; baseline -0.001 -13"><span class='ocrx_word' id='word_1_9' title='bbox 106 266 356 310; x_wconf 84' lang='lat' dir='ltr'><strong>sequemur,</strong></span> <span class='ocrx_word' id='word_1_10' title='bbox 375 254 427 296; x_wconf 92' lang='lat' dir='ltr'><strong>ut</strong></span> <span class='ocrx_word' id='word_1_11' title='bbox 445 266 528 297; x_wconf 90' lang='lat' dir='ltr'><strong>nec</strong></span> <span class='ocrx_word' id='word_1_12' title='bbox 548 255 763 297; x_wconf 82' lang='lat' dir='ltr'><strong>vacuetur</strong></span> <span class='ocrx_word' id='word_1_13' title='bbox 787 251 964 296; x_wconf 90' lang='lat' dir='ltr'><strong>flumini</strong></span> <span class='ocrx_word' id='word_1_14' title='bbox 992 253 1158 297; x_wconf 90' lang='lat' dir='ltr'><strong>mixtus</strong></span> <span class='ocrx_word' id='word_1_15' title='bbox 1186 254 1232 297; x_wconf 90' lang='lat' dir='ltr'><strong>et</strong></span> <span class='ocrx_word' id='word_1_16' title='bbox 1258 253 1318 297; x_wconf 92' lang='lat' dir='ltr'><strong>sit</strong></span> <span class='ocrx_word' id='word_1_17' title='bbox 1336 252 1535 311; x_wconf 87' lang='lat' dir='ltr'><strong>perinde,</strong></span> 
     </span>
     <span class='ocr_line' id='line_1_8' title="bbox 105 314 1534 373; baseline -0.001 -13"><span class='ocrx_word' id='word_1_18' title='bbox 105 329 158 360; x_wconf 85' lang='lat' dir='ltr'><strong>ac</strong></span> <span class='ocrx_word' id='word_1_19' title='bbox 183 314 223 360; x_wconf 83' lang='lat' dir='ltr'><strong>si</strong></span> <span class='ocrx_word' id='word_1_20' title='bbox 248 315 498 359; x_wconf 78' lang='lat' dir='ltr'><strong>misceatur.</strong></span> <span class='ocrx_word' id='word_1_21' title='bbox 538 314 639 359; x_wconf 88' lang='lat' dir='ltr'><strong>Erit</strong></span> <span class='ocrx_word' id='word_1_22' title='bbox 664 315 783 360; x_wconf 88' lang='lat' dir='ltr'><strong>enim</strong></span> <span class='ocrx_word' id='word_1_23' title='bbox 809 315 941 359; x_wconf 85' lang='lat' dir='ltr'><strong>facile</strong></span> <span class='ocrx_word' id='word_1_24' title='bbox 967 331 1048 373; x_wconf 92' lang='lat' dir='ltr'><strong>per</strong></span> <span class='ocrx_word' id='word_1_25' title='bbox 1073 316 1199 360; x_wconf 88' lang='lat' dir='ltr'><strong>illam</strong></span> <span class='ocrx_word' id='word_1_26' title='bbox 1225 316 1534 361; x_wconf 82' lang='lat' dir='ltr'><strong>brevissimam</strong></span> 
     </span>
     <span class='ocr_line' id='line_1_9' title="bbox 105 377 1535 436; baseline 0 -14"><span class='ocrx_word' id='word_1_27' title='bbox 105 379 292 436; x_wconf 86' lang='lat' dir='ltr'><strong>terram,</strong></span> <span class='ocrx_word' id='word_1_28' title='bbox 334 393 448 436; x_wconf 85' lang='lat' dir='ltr'><strong>quae</strong></span> <span class='ocrx_word' id='word_1_29' title='bbox 491 378 792 435; x_wconf 88' lang='lat' dir='ltr'><strong>interiacebit,</strong></span> <span class='ocrx_word' id='word_1_30' title='bbox 835 377 1019 422; x_wconf 87' lang='lat' dir='ltr'><strong>advecta</strong></span> <span class='ocrx_word' id='word_1_31' title='bbox 1061 379 1182 424; x_wconf 88' lang='lat' dir='ltr'><strong>fossa</strong></span> <span class='ocrx_word' id='word_1_32' title='bbox 1222 394 1357 424; x_wconf 90' lang='lat' dir='ltr'><strong>onera</strong></span> <span class='ocrx_word' id='word_1_33' title='bbox 1392 381 1535 423; x_wconf 89' lang='lat' dir='ltr'><strong>trans-</strong></span> 
     </span>
     <span class='ocr_line' id='line_1_10' title="bbox 106 439 1584 501; baseline 0.001 -16"><span class='ocrx_word' id='word_1_34' title='bbox 106 455 273 499; x_wconf 85' lang='lat' dir='ltr'><strong>ponere</strong></span> <span class='ocrx_word' id='word_1_35' title='bbox 299 440 347 485; x_wconf 91' lang='lat' dir='ltr'><strong>in</strong></span> <span class='ocrx_word' id='word_1_36' title='bbox 373 441 552 485; x_wconf 88' lang='lat' dir='ltr'><strong>flumen.</strong></span> <span class='ocrx_word' id='word_1_37' title='bbox 606 439 736 494; x_wconf 87' lang='lat' dir='ltr'><strong>Quod</strong></span> <span class='ocrx_word' id='word_1_38' title='bbox 762 441 827 485; x_wconf 89' lang='lat' dir='ltr'><strong>ita</strong></span> <span class='ocrx_word' id='word_1_39' title='bbox 851 441 949 498; x_wconf 90' lang='lat' dir='ltr'><strong>fiet,</strong></span> <span class='ocrx_word' id='word_1_40' title='bbox 976 441 1015 485; x_wconf 92' lang='lat' dir='ltr'><strong>si</strong></span> <span class='ocrx_word' id='word_1_41' title='bbox 1039 442 1280 487; x_wconf 77' lang='lat' dir='ltr'><strong>necessitas</strong></span> <span class='ocrx_word' id='word_1_42' title='bbox 1308 445 1451 501; x_wconf 90' lang='lat' dir='ltr'><strong>coget,</strong></span> <span class='ocrx_word' id='word_1_43' title='bbox 1478 444 1534 500; x_wconf 90' lang='lat' dir='ltr'><strong>et,</strong></span> <span class='ocrx_word' id='word_1_44' title='bbox 1562 453 1584 487; x_wconf 83' lang='lat'><strong>3</strong></span> 
     </span>
     <span class='ocr_line' id='line_1_11' title="bbox 107 503 1534 563; baseline 0.001 -15"><span class='ocrx_word' id='word_1_45' title='bbox 107 518 259 562; x_wconf 90' lang='lat' dir='ltr'><strong>spero,</strong></span> <span class='ocrx_word' id='word_1_46' title='bbox 289 519 383 548; x_wconf 91' lang='lat' dir='ltr'><strong>non</strong></span> <span class='ocrx_word' id='word_1_47' title='bbox 415 506 558 563; x_wconf 88' lang='lat' dir='ltr'><strong>coget.</strong></span> <span class='ocrx_word' id='word_1_48' title='bbox 623 503 708 548; x_wconf 84' lang='lat' dir='ltr'><strong>Est</strong></span> <span class='ocrx_word' id='word_1_49' title='bbox 740 504 860 548; x_wconf 90' lang='lat' dir='ltr'><strong>enim</strong></span> <span class='ocrx_word' id='word_1_50' title='bbox 894 507 938 548; x_wconf 88' lang='lat' dir='ltr'><strong>et</strong></span> <span class='ocrx_word' id='word_1_51' title='bbox 975 505 1099 549; x_wconf 89' lang='lat' dir='ltr'><strong>lacus</strong></span> <span class='ocrx_word' id='word_1_52' title='bbox 1133 505 1229 563; x_wconf 88' lang='lat' dir='ltr'><strong>ipse</strong></span> <span class='ocrx_word' id='word_1_53' title='bbox 1268 505 1377 550; x_wconf 89' lang='lat' dir='ltr'><strong>satis</strong></span> <span class='ocrx_word' id='word_1_54' title='bbox 1417 506 1534 549; x_wconf 89' lang='lat' dir='ltr'><strong>altus</strong></span> 
     </span>
     <span class='ocr_line' id='line_1_12' title="bbox 107 567 1537 627; baseline 0 -16"><span class='ocrx_word' id='word_1_55' title='bbox 107 569 153 611; x_wconf 84' lang='lat' dir='ltr'><strong>et</strong></span> <span class='ocrx_word' id='word_1_56' title='bbox 193 582 315 611; x_wconf 89' lang='lat' dir='ltr'><strong>nunc</strong></span> <span class='ocrx_word' id='word_1_57' title='bbox 352 567 401 611; x_wconf 92' lang='lat' dir='ltr'><strong>in</strong></span> <span class='ocrx_word' id='word_1_58' title='bbox 442 567 712 611; x_wconf 90' lang='lat' dir='ltr'><strong>contrariam</strong></span> <span class='ocrx_word' id='word_1_59' title='bbox 754 570 929 625; x_wconf 85' lang='lat' dir='ltr'><strong>partem</strong></span> <span class='ocrx_word' id='word_1_60' title='bbox 972 567 1140 612; x_wconf 90' lang='lat' dir='ltr'><strong>flumen</strong></span> <span class='ocrx_word' id='word_1_61' title='bbox 1185 569 1373 626; x_wconf 88' lang='lat' dir='ltr'><strong>emittit,</strong></span> <span class='ocrx_word' id='word_1_62' title='bbox 1415 567 1537 627; x_wconf 91' lang='lat' dir='ltr'><strong>quod</strong></span> 
     </span>
     <span class='ocr_line' id='line_1_13' title="bbox 105 628 1546 688; baseline 0.001 -14"><span class='ocrx_word' id='word_1_63' title='bbox 105 628 401 674; x_wconf 88' lang='lat' dir='ltr'><strong>interclusum</strong></span> <span class='ocrx_word' id='word_1_64' title='bbox 433 629 537 674; x_wconf 90' lang='lat' dir='ltr'><strong>inde</strong></span> <span class='ocrx_word' id='word_1_65' title='bbox 570 633 634 688; x_wconf 88' lang='lat' dir='ltr'><strong>et,</strong></span> <span class='ocrx_word' id='word_1_66' title='bbox 672 645 762 687; x_wconf 91' lang='lat' dir='ltr'><strong>quo</strong></span> <span class='ocrx_word' id='word_1_67' title='bbox 794 630 1023 688; x_wconf 85' lang='lat' dir='ltr'><strong>volumus,</strong></span> <span class='ocrx_word' id='word_1_68' title='bbox 1062 647 1268 675; x_wconf 86' lang='lat' dir='ltr'><strong>aversum</strong></span> <span class='ocrx_word' id='word_1_69' title='bbox 1307 631 1402 676; x_wconf 90' lang='lat' dir='ltr'><strong>sine</strong></span> <span class='ocrx_word' id='word_1_70' title='bbox 1441 631 1546 676; x_wconf 43' lang='lat' dir='ltr'><strong>uuo&gt;</strong></span> 
     </span>
     <span class='ocr_line' id='line_1_14' title="bbox 107 692 1538 752; baseline 0 -15"><span class='ocrx_word' id='word_1_71' title='bbox 107 692 376 737; x_wconf 86' lang='lat' dir='ltr'><strong>detrimento</strong></span> <span class='ocrx_word' id='word_1_72' title='bbox 408 692 533 737; x_wconf 83' lang='lat' dir='ltr'><strong>lacus</strong></span> <span class='ocrx_word' id='word_1_73' title='bbox 565 695 741 737; x_wconf 89' lang='lat' dir='ltr'><strong>tantum</strong></span> <span class='ocrx_word' id='word_1_74' title='bbox 775 708 935 750; x_wconf 87' lang='lat' dir='ltr'><strong>aquae,</strong></span> <span class='ocrx_word' id='word_1_75' title='bbox 969 696 1187 751; x_wconf 90' lang='lat' dir='ltr'><strong>quantum</strong></span> <span class='ocrx_word' id='word_1_76' title='bbox 1220 710 1340 739; x_wconf 87' lang='lat' dir='ltr'><strong>nunc</strong></span> <span class='ocrx_word' id='word_1_77' title='bbox 1373 696 1538 752; x_wconf 88' lang='lat' dir='ltr'><strong>portat,</strong></span> 
     </span>
     <span class='ocr_line' id='line_1_15' title="bbox 107 755 1537 815; baseline 0.001 -15"><span class='ocrx_word' id='word_1_78' title='bbox 107 755 318 800; x_wconf 88' lang='lat' dir='ltr'><strong>effundet.</strong></span> <span class='ocrx_word' id='word_1_79' title='bbox 376 755 611 800; x_wconf 89' lang='lat' dir='ltr'><strong>Praeterea</strong></span> <span class='ocrx_word' id='word_1_80' title='bbox 641 772 721 814; x_wconf 90' lang='lat' dir='ltr'><strong>per</strong></span> <span class='ocrx_word' id='word_1_81' title='bbox 746 756 792 800; x_wconf 91' lang='lat' dir='ltr'><strong>id</strong></span> <span class='ocrx_word' id='word_1_82' title='bbox 820 756 1034 814; x_wconf 90' lang='lat' dir='ltr'><strong>spatium,</strong></span> <span class='ocrx_word' id='word_1_83' title='bbox 1061 772 1142 815; x_wconf 88' lang='lat' dir='ltr'><strong>per</strong></span> <span class='ocrx_word' id='word_1_84' title='bbox 1168 757 1288 815; x_wconf 90' lang='lat' dir='ltr'><strong>quod</strong></span> <span class='ocrx_word' id='word_1_85' title='bbox 1315 758 1437 802; x_wconf 85' lang='lat' dir='ltr'><strong>fossa</strong></span> <span class='ocrx_word' id='word_1_86' title='bbox 1473 757 1537 801; x_wconf 86' lang='lat' dir='ltr'><strong>fa-</strong></span> 
     </span>
     <span class='ocr_line' id='line_1_16' title="bbox 108 818 1539 880; baseline 0.001 -17"><span class='ocrx_word' id='word_1_87' title='bbox 108 818 267 863; x_wconf 88' lang='lat' dir='ltr'><strong>cienda</strong></span> <span class='ocrx_word' id='word_1_88' title='bbox 299 821 386 876; x_wconf 89' lang='lat' dir='ltr'><strong>est,</strong></span> <span class='ocrx_word' id='word_1_89' title='bbox 416 818 623 863; x_wconf 89' lang='lat' dir='ltr'><strong>incidunt</strong></span> <span class='ocrx_word' id='word_1_90' title='bbox 653 819 758 877; x_wconf 82' lang='lat' dir='ltr'><strong>rivi3</strong></span> <span class='ocrx_word' id='word_1_91' title='bbox 799 819 877 876; x_wconf 91' lang='lat' dir='ltr'><strong>qui</strong></span> <span class='ocrx_word' id='word_1_92' title='bbox 910 819 948 863; x_wconf 87' lang='lat' dir='ltr'><strong>si</strong></span> <span class='ocrx_word' id='word_1_93' title='bbox 981 820 1220 879; x_wconf 86' lang='lat' dir='ltr'><strong>diligenter</strong></span> <span class='ocrx_word' id='word_1_94' title='bbox 1252 820 1539 880; x_wconf 87' lang='lat' dir='ltr'><strong>colligantur,</strong></span> 
     </span>
     <span class='ocr_line' id='line_1_17' title="bbox 108 881 1588 942; baseline 0.001 -16"><span class='ocrx_word' id='word_1_95' title='bbox 108 881 339 941; x_wconf 83' lang='lat' dir='ltr'><strong>augebunt</strong></span> <span class='ocrx_word' id='word_1_96' title='bbox 370 881 504 939; x_wconf 88' lang='lat' dir='ltr'><strong>illud,</strong></span> <span class='ocrx_word' id='word_1_97' title='bbox 537 882 658 939; x_wconf 89' lang='lat' dir='ltr'><strong>quod</strong></span> <span class='ocrx_word' id='word_1_98' title='bbox 690 883 815 927; x_wconf 84' lang='lat' dir='ltr'><strong>lacus</strong></span> <span class='ocrx_word' id='word_1_99' title='bbox 842 882 1024 927; x_wconf 88' lang='lat' dir='ltr'><strong>dederit.</strong></span> <span class='ocrx_word' id='word_1_100' title='bbox 1089 883 1332 928; x_wconf 85' lang='lat' dir='ltr'><strong>Enimvero</strong></span> <span class='ocrx_word' id='word_1_101' title='bbox 1340 920 1352 942; x_wconf 93' lang='lat'><strong>,</strong></span> <span class='ocrx_word' id='word_1_102' title='bbox 1380 883 1419 927; x_wconf 91' lang='lat' dir='ltr'><strong>si</strong></span> <span class='ocrx_word' id='word_1_103' title='bbox 1443 883 1537 942; x_wconf 88' lang='lat' dir='ltr'><strong>pla·</strong></span> <span class='ocrx_word' id='word_1_104' title='bbox 1563 893 1588 927; x_wconf 82' lang='lat'>4</span> 
     </span>
     <span class='ocr_line' id='line_1_18' title="bbox 108 944 1539 1004; baseline 0.001 -15"><span class='ocrx_word' id='word_1_105' title='bbox 108 946 206 989; x_wconf 88' lang='lat' dir='ltr'><strong>ceat</strong></span> <span class='ocrx_word' id='word_1_106' title='bbox 249 944 418 989; x_wconf 85' lang='lat' dir='ltr'><strong>fossam</strong></span> <span class='ocrx_word' id='word_1_107' title='bbox 462 945 643 1004; x_wconf 89' lang='lat' dir='ltr'><strong>longius</strong></span> <span class='ocrx_word' id='word_1_108' title='bbox 690 944 850 990; x_wconf 88' lang='lat' dir='ltr'><strong>ducere</strong></span> <span class='ocrx_word' id='word_1_109' title='bbox 902 947 948 990; x_wconf 91' lang='lat' dir='ltr'><strong>et</strong></span> <span class='ocrx_word' id='word_1_110' title='bbox 993 945 1127 990; x_wconf 91' lang='lat' dir='ltr'><strong>altius</strong></span> <span class='ocrx_word' id='word_1_111' title='bbox 1173 961 1373 1004; x_wconf 87' lang='lat' dir='ltr'><strong>pressam</strong></span> <span class='ocrx_word' id='word_1_112' title='bbox 1425 946 1539 991; x_wconf 91' lang='lat' dir='ltr'><strong>mari</strong></span> 
     </span>
     <span class='ocr_line' id='line_1_19' title="bbox 108 1007 1540 1067; baseline 0.001 -15"><span class='ocrx_word' id='word_1_113' title='bbox 108 1023 300 1066; x_wconf 88' lang='lat' dir='ltr'><strong>aequare</strong></span> <span class='ocrx_word' id='word_1_114' title='bbox 330 1022 414 1052; x_wconf 91' lang='lat' dir='ltr'><strong>nec</strong></span> <span class='ocrx_word' id='word_1_115' title='bbox 445 1007 494 1051; x_wconf 92' lang='lat' dir='ltr'><strong>in</strong></span> <span class='ocrx_word' id='word_1_116' title='bbox 536 1007 724 1066; x_wconf 87' lang='lat' dir='ltr'><strong>flumen,</strong></span> <span class='ocrx_word' id='word_1_117' title='bbox 762 1008 839 1052; x_wconf 91' lang='lat' dir='ltr'><strong>sed</strong></span> <span class='ocrx_word' id='word_1_118' title='bbox 878 1007 927 1052; x_wconf 90' lang='lat' dir='ltr'><strong>in</strong></span> <span class='ocrx_word' id='word_1_119' title='bbox 968 1008 1117 1066; x_wconf 91' lang='lat' dir='ltr'><strong>ipsum</strong></span> <span class='ocrx_word' id='word_1_120' title='bbox 1160 1025 1281 1053; x_wconf 90' lang='lat' dir='ltr'><strong>mare</strong></span> <span class='ocrx_word' id='word_1_121' title='bbox 1324 1009 1540 1067; x_wconf 85' lang='lat' dir='ltr'><strong>emittere,</strong></span> 
     </span>
     <span class='ocr_line' id='line_1_20' title="bbox 107 1070 1540 1130; baseline 0.001 -14"><span class='ocrx_word' id='word_1_122' title='bbox 107 1085 394 1128; x_wconf 85' lang='lat' dir='ltr'><strong>repercussus</strong></span> <span class='ocrx_word' id='word_1_123' title='bbox 427 1070 563 1116; x_wconf 89' lang='lat' dir='ltr'><strong>maris</strong></span> <span class='ocrx_word' id='word_1_124' title='bbox 592 1071 786 1116; x_wconf 85' lang='lat' dir='ltr'><strong>servabit</strong></span> <span class='ocrx_word' id='word_1_125' title='bbox 812 1074 858 1116; x_wconf 93' lang='lat' dir='ltr'><strong>et</strong></span> <span class='ocrx_word' id='word_1_126' title='bbox 889 1071 1115 1130; x_wconf 86' lang='lat' dir='ltr'><strong>reprimet,</strong></span> <span class='ocrx_word' id='word_1_127' title='bbox 1142 1072 1361 1130; x_wconf 90' lang='lat' dir='ltr'><strong>quidquid</strong></span> <span class='ocrx_word' id='word_1_128' title='bbox 1388 1088 1412 1117; x_wconf 89' lang='lat' dir='ltr'><strong>e</strong></span> <span class='ocrx_word' id='word_1_129' title='bbox 1436 1073 1540 1117; x_wconf 89' lang='lat' dir='ltr'><strong>lacu</strong></span> 
     </span>
     <span class='ocr_line' id='line_1_21' title="bbox 109 1132 1540 1193; baseline 0.002 -16"><span class='ocrx_word' id='word_1_130' title='bbox 109 1132 270 1178; x_wconf 84' lang='lat' dir='ltr'><strong>veniet.</strong></span> <span class='ocrx_word' id='word_1_131' title='bbox 335 1132 538 1187; x_wconf 84' lang='lat' dir='ltr'><strong>Quorum</strong></span> <span class='ocrx_word' id='word_1_132' title='bbox 570 1134 609 1178; x_wconf 94' lang='lat' dir='ltr'><strong>si</strong></span> <span class='ocrx_word' id='word_1_133' title='bbox 640 1133 757 1178; x_wconf 90' lang='lat' dir='ltr'><strong>nihil</strong></span> <span class='ocrx_word' id='word_1_134' title='bbox 787 1134 920 1179; x_wconf 89' lang='lat' dir='ltr'><strong>nobis</strong></span> <span class='ocrx_word' id='word_1_135' title='bbox 952 1135 1042 1179; x_wconf 94' lang='lat' dir='ltr'><strong>loci</strong></span> <span class='ocrx_word' id='word_1_136' title='bbox 1081 1138 1242 1180; x_wconf 89' lang='lat' dir='ltr'><strong>natura</strong></span> <span class='ocrx_word' id='word_1_137' title='bbox 1280 1138 1540 1193; x_wconf 85' lang='lat' dir='ltr'><strong>praestaret,</strong></span> 
     </span>
     <span class='ocr_line' id='line_1_22' title="bbox 108 1195 1538 1256; baseline 0.001 -14"><span class='ocrx_word' id='word_1_138' title='bbox 108 1195 366 1256; x_wconf 87' lang='lat' dir='ltr'><strong>expeditum</strong></span> <span class='ocrx_word' id='word_1_139' title='bbox 409 1199 560 1241; x_wconf 88' lang='lat' dir='ltr'><strong>tamen</strong></span> <span class='ocrx_word' id='word_1_140' title='bbox 605 1199 700 1241; x_wconf 90' lang='lat' dir='ltr'><strong>erat</strong></span> <span class='ocrx_word' id='word_1_141' title='bbox 738 1197 973 1242; x_wconf 86' lang='lat' dir='ltr'><strong>cataractis</strong></span> <span class='ocrx_word' id='word_1_142' title='bbox 1020 1213 1162 1255; x_wconf 89' lang='lat' dir='ltr'><strong>aquae</strong></span> <span class='ocrx_word' id='word_1_143' title='bbox 1208 1214 1388 1243; x_wconf 89' lang='lat' dir='ltr'><strong>cursum</strong></span> <span class='ocrx_word' id='word_1_144' title='bbox 1429 1201 1538 1243; x_wconf 88' lang='lat' dir='ltr'><strong>tem-</strong></span> 
     </span>
     <span class='ocr_line' id='line_1_23' title="bbox 107 1258 1540 1321; baseline 0.002 -18"><span class='ocrx_word' id='word_1_145' title='bbox 107 1275 275 1318; x_wconf 84' lang='lat' dir='ltr'><strong>perare.</strong></span> <span class='ocrx_word' id='word_1_146' title='bbox 339 1258 510 1304; x_wconf 90' lang='lat' dir='ltr'><strong>Verum</strong></span> <span class='ocrx_word' id='word_1_147' title='bbox 551 1261 596 1304; x_wconf 93' lang='lat' dir='ltr'><strong>et</strong></span> <span class='ocrx_word' id='word_1_148' title='bbox 634 1260 745 1305; x_wconf 90' lang='lat' dir='ltr'><strong>haec</strong></span> <span class='ocrx_word' id='word_1_149' title='bbox 787 1262 832 1304; x_wconf 92' lang='lat' dir='ltr'><strong>et</strong></span> <span class='ocrx_word' id='word_1_150' title='bbox 874 1260 963 1305; x_wconf 85' lang='lat' dir='ltr'><strong>alia</strong></span> <span class='ocrx_word' id='word_1_151' title='bbox 1004 1261 1147 1306; x_wconf 91' lang='lat' dir='ltr'><strong>multo</strong></span> <span class='ocrx_word' id='word_1_152' title='bbox 1189 1262 1393 1321; x_wconf 85' lang='lat' dir='ltr'><strong>sagacius</strong></span> <span class='ocrx_word' id='word_1_153' title='bbox 1436 1276 1540 1306; x_wconf 91' lang='lat' dir='ltr'><strong>con-</strong></span> 
     </span>
     <span class='ocr_line' id='line_1_24' title="bbox 109 1321 1539 1383; baseline 0.001 -16"><span class='ocrx_word' id='word_1_154' title='bbox 109 1321 259 1380; x_wconf 84' lang='lat' dir='ltr'><strong>quiret</strong></span> <span class='ocrx_word' id='word_1_155' title='bbox 303 1322 646 1381; x_wconf 86' lang='lat' dir='ltr'><strong>explorabitque</strong></span> <span class='ocrx_word' id='word_1_156' title='bbox 696 1323 906 1382; x_wconf 89' lang='lat' dir='ltr'><strong>librator,</strong></span> <span class='ocrx_word' id='word_1_157' title='bbox 958 1338 1090 1381; x_wconf 90' lang='lat' dir='ltr'><strong>quem</strong></span> <span class='ocrx_word' id='word_1_158' title='bbox 1142 1324 1295 1383; x_wconf 91' lang='lat' dir='ltr'><strong>plane,</strong></span> <span class='ocrx_word' id='word_1_159' title='bbox 1347 1324 1539 1382; x_wconf 90' lang='lat' dir='ltr'><strong>domine,</strong></span> 
     </span>
     <span class='ocr_line' id='line_1_25' title="bbox 109 1385 1541 1446; baseline 0.001 -16"><span class='ocrx_word' id='word_1_160' title='bbox 109 1385 243 1431; x_wconf 81' lang='lat' dir='ltr'><strong>debes</strong></span> <span class='ocrx_word' id='word_1_161' title='bbox 285 1385 484 1444; x_wconf 86' lang='lat' dir='ltr'><strong>mittere,</strong></span> <span class='ocrx_word' id='word_1_162' title='bbox 515 1387 567 1430; x_wconf 91' lang='lat' dir='ltr'><strong>ut</strong></span> <span class='ocrx_word' id='word_1_163' title='bbox 604 1386 844 1444; x_wconf 87' lang='lat' dir='ltr'><strong>polliceris.</strong></span> <span class='ocrx_word' id='word_1_164' title='bbox 909 1386 994 1430; x_wconf 84' lang='lat' dir='ltr'><strong>Est</strong></span> <span class='ocrx_word' id='word_1_165' title='bbox 1033 1386 1151 1431; x_wconf 90' lang='lat' dir='ltr'><strong>enim</strong></span> <span class='ocrx_word' id='word_1_166' title='bbox 1196 1402 1267 1432; x_wconf 88' lang='lat' dir='ltr'><strong>res</strong></span> <span class='ocrx_word' id='word_1_167' title='bbox 1314 1387 1451 1446; x_wconf 85' lang='lat' dir='ltr'><strong>digna</strong></span> <span class='ocrx_word' id='word_1_168' title='bbox 1495 1389 1541 1432; x_wconf 85' lang='lat' dir='ltr'><strong>et</strong></span> 
     </span>
     <span class='ocr_line' id='line_1_26' title="bbox 108 1447 1542 1509; baseline 0.001 -16"><span class='ocrx_word' id='word_1_169' title='bbox 108 1447 420 1507; x_wconf 84' lang='lat' dir='ltr'><strong>magnitudine</strong></span> <span class='ocrx_word' id='word_1_170' title='bbox 445 1451 525 1493; x_wconf 89' lang='lat' dir='ltr'><strong>tua</strong></span> <span class='ocrx_word' id='word_1_171' title='bbox 551 1451 596 1493; x_wconf 90' lang='lat' dir='ltr'><strong>et</strong></span> <span class='ocrx_word' id='word_1_172' title='bbox 616 1464 735 1494; x_wconf 88' lang='lat' dir='ltr'><strong>cura.</strong></span> <span class='ocrx_word' id='word_1_173' title='bbox 785 1448 886 1508; x_wconf 84' lang='lat' dir='ltr'><strong>Ego</strong></span> <span class='ocrx_word' id='word_1_174' title='bbox 907 1449 1089 1494; x_wconf 89' lang='lat' dir='ltr'><strong>interim</strong></span> <span class='ocrx_word' id='word_1_175' title='bbox 1112 1448 1354 1507; x_wconf 84' lang='lat' dir='ltr'><strong>Calpurnio</strong></span> <span class='ocrx_word' id='word_1_176' title='bbox 1374 1449 1542 1509; x_wconf 89' lang='lat' dir='ltr'><strong>Macro,</strong></span> 
     </span>
     <span class='ocr_line' id='line_1_27' title="bbox 109 1510 1540 1572; baseline 0.001 -17"><span class='ocrx_word' id='word_1_177' title='bbox 109 1510 358 1556; x_wconf 89' lang='lat' dir='ltr'><strong>clarissimo</strong></span> <span class='ocrx_word' id='word_1_178' title='bbox 390 1511 508 1570; x_wconf 85' lang='lat' dir='ltr'><strong>viro,</strong></span> <span class='ocrx_word' id='word_1_179' title='bbox 540 1514 722 1557; x_wconf 89' lang='lat' dir='ltr'><strong>auctore</strong></span> <span class='ocrx_word' id='word_1_180' title='bbox 754 1514 799 1556; x_wconf 90' lang='lat' dir='ltr'><strong>te</strong></span> <span class='ocrx_word' id='word_1_181' title='bbox 827 1511 1005 1570; x_wconf 87' lang='lat' dir='ltr'><strong>scripsi,</strong></span> <span class='ocrx_word' id='word_1_182' title='bbox 1037 1515 1090 1557; x_wconf 88' lang='lat' dir='ltr'><strong>ut</strong></span> <span class='ocrx_word' id='word_1_183' title='bbox 1114 1513 1376 1558; x_wconf 90' lang='lat' dir='ltr'><strong>libratorem</strong></span> <span class='ocrx_word' id='word_1_184' title='bbox 1404 1528 1540 1572; x_wconf 90' lang='lat' dir='ltr'><strong>quam</strong></span> 
     </span>
     <span class='ocr_line' id='line_1_28' title="bbox 109 1573 787 1620; baseline 0.001 -2"><span class='ocrx_word' id='word_1_185' title='bbox 109 1573 304 1619; x_wconf 87' lang='lat' dir='ltr'><strong>maxime</strong></span> <span class='ocrx_word' id='word_1_186' title='bbox 335 1573 547 1620; x_wconf 91' lang='lat' dir='ltr'><strong>idoneum</strong></span> <span class='ocrx_word' id='word_1_187' title='bbox 577 1575 787 1620; x_wconf 92' lang='lat' dir='ltr'><strong>mitteret.</strong></span> 
     </span>
    </p>
   </div>
   <div class='ocr_carea' id='block_1_8' title="bbox 592 1689 1063 1804">
    <p class='ocr_par' dir='ltr' id='par_1_8' title="bbox 592 1689 1063 1804">
     <span class='ocr_line' id='line_1_29' title="bbox 663 1689 991 1745; baseline -0.003 -13"><span class='ocrx_word' id='word_1_188' title='bbox 663 1691 793 1732; x_wconf 80' lang='lat' dir='ltr'><strong>an.</strong></span> <span class='ocrx_word' id='word_1_189' title='bbox 830 1689 991 1745; x_wconf 77' lang='lat' dir='ltr'><strong>[Lxx]</strong></span> 
     </span>
     <span class='ocr_line' id='line_1_30' title="bbox 592 1768 1063 1804; baseline 0.002 -1"><span class='ocrx_word' id='word_1_190' title='bbox 592 1768 847 1803; x_wconf 87' lang='lat' dir='ltr'><strong>TRAIANUS</strong></span> <span class='ocrx_word' id='word_1_191' title='bbox 874 1769 1063 1804; x_wconf 84' lang='lat' dir='ltr'><strong>PLINIO.</strong></span> 
     </span>
    </p>
   </div>
   <div class='ocr_carea' id='block_1_9' title="bbox 110 1837 1543 2275">
    <p class='ocr_par' dir='ltr' id='par_1_9' title="bbox 110 1837 1543 2275">
     <span class='ocr_line' id='line_1_31' title="bbox 204 1837 1541 1898; baseline 0.001 -16"><span class='ocrx_word' id='word_1_192' title='bbox 204 1837 496 1883; x_wconf 86' lang='lat' dir='ltr'><strong>Manifestum</strong></span> <span class='ocrx_word' id='word_1_193' title='bbox 531 1841 613 1895; x_wconf 90' lang='lat' dir='ltr'><strong>est,</strong></span> <span class='ocrx_word' id='word_1_194' title='bbox 650 1839 713 1883; x_wconf 93' lang='lat' dir='ltr'><strong>mi</strong></span> <span class='ocrx_word' id='word_1_195' title='bbox 740 1838 942 1883; x_wconf 88' lang='lat' dir='ltr'><strong>Secunde</strong></span> <span class='ocrx_word' id='word_1_196' title='bbox 970 1839 1216 1898; x_wconf 88' lang='lat' dir='ltr'><strong>carissime,</strong></span> <span class='ocrx_word' id='word_1_197' title='bbox 1242 1855 1325 1885; x_wconf 90' lang='lat' dir='ltr'><strong>nec</strong></span> <span class='ocrx_word' id='word_1_198' title='bbox 1351 1840 1541 1898; x_wconf 88' lang='lat' dir='ltr'><strong>pruden-</strong></span> 
     </span>
     <span class='ocr_line' id='line_1_32' title="bbox 110 1901 1541 1963; baseline 0.001 -17"><span class='ocrx_word' id='word_1_199' title='bbox 110 1901 221 1946; x_wconf 87' lang='lat' dir='ltr'><strong>tiam</strong></span> <span class='ocrx_word' id='word_1_200' title='bbox 252 1917 336 1946; x_wconf 90' lang='lat' dir='ltr'><strong>nec</strong></span> <span class='ocrx_word' id='word_1_201' title='bbox 370 1901 650 1961; x_wconf 89' lang='lat' dir='ltr'><strong>diligentiam</strong></span> <span class='ocrx_word' id='word_1_202' title='bbox 688 1902 772 1946; x_wconf 91' lang='lat' dir='ltr'><strong>tibi</strong></span> <span class='ocrx_word' id='word_1_203' title='bbox 812 1902 1006 1947; x_wconf 89' lang='lat' dir='ltr'><strong>defuisse</strong></span> <span class='ocrx_word' id='word_1_204' title='bbox 1046 1902 1164 1948; x_wconf 89' lang='lat' dir='ltr'><strong>circa</strong></span> <span class='ocrx_word' id='word_1_205' title='bbox 1202 1903 1340 1947; x_wconf 90' lang='lat' dir='ltr'><strong>istum</strong></span> <span class='ocrx_word' id='word_1_206' title='bbox 1379 1904 1541 1963; x_wconf 90' lang='lat' dir='ltr'><strong>lacum,</strong></span> 
     </span>
     <span class='ocr_line' id='line_1_33' title="bbox 112 1964 1541 2024; baseline 0.001 -16"><span class='ocrx_word' id='word_1_207' title='bbox 112 1979 215 2009; x_wconf 90' lang='lat' dir='ltr'><strong>cum</strong></span> <span class='ocrx_word' id='word_1_208' title='bbox 246 1966 340 2008; x_wconf 91' lang='lat' dir='ltr'><strong>tam</strong></span> <span class='ocrx_word' id='word_1_209' title='bbox 372 1965 515 2009; x_wconf 89' lang='lat' dir='ltr'><strong>multa</strong></span> <span class='ocrx_word' id='word_1_210' title='bbox 547 1965 729 2023; x_wconf 84' lang='lat' dir='ltr'><strong>provisa</strong></span> <span class='ocrx_word' id='word_1_211' title='bbox 760 1964 946 2023; x_wconf 87' lang='lat' dir='ltr'><strong>habeas,</strong></span> <span class='ocrx_word' id='word_1_212' title='bbox 984 1981 1065 2024; x_wconf 91' lang='lat' dir='ltr'><strong>per</strong></span> <span class='ocrx_word' id='word_1_213' title='bbox 1098 1982 1212 2024; x_wconf 90' lang='lat' dir='ltr'><strong>quae</strong></span> <span class='ocrx_word' id='word_1_214' title='bbox 1250 1981 1333 2011; x_wconf 90' lang='lat' dir='ltr'><strong>nec</strong></span> <span class='ocrx_word' id='word_1_215' title='bbox 1365 1965 1541 2024; x_wconf 90' lang='lat' dir='ltr'><strong>pericli—</strong></span> 
     </span>
     <span class='ocr_line' id='line_1_34' title="bbox 111 2027 1542 2088; baseline 0.001 -17"><span class='ocrx_word' id='word_1_216' title='bbox 111 2029 233 2072; x_wconf 87' lang='lat' dir='ltr'><strong>tetur</strong></span> <span class='ocrx_word' id='word_1_217' title='bbox 258 2027 484 2072; x_wconf 83' lang='lat' dir='ltr'><strong>exhauriri</strong></span> <span class='ocrx_word' id='word_1_218' title='bbox 510 2031 556 2072; x_wconf 91' lang='lat' dir='ltr'><strong>et</strong></span> <span class='ocrx_word' id='word_1_219' title='bbox 582 2027 725 2087; x_wconf 84' lang='lat' dir='ltr'><strong>magis</strong></span> <span class='ocrx_word' id='word_1_220' title='bbox 752 2027 801 2072; x_wconf 91' lang='lat' dir='ltr'><strong>in</strong></span> <span class='ocrx_word' id='word_1_221' title='bbox 826 2043 912 2072; x_wconf 86' lang='lat' dir='ltr'><strong>usu</strong></span> <span class='ocrx_word' id='word_1_222' title='bbox 937 2029 1068 2073; x_wconf 88' lang='lat' dir='ltr'><strong>nobis</strong></span> <span class='ocrx_word' id='word_1_223' title='bbox 1095 2029 1274 2073; x_wconf 88' lang='lat' dir='ltr'><strong>futurus</strong></span> <span class='ocrx_word' id='word_1_224' title='bbox 1302 2028 1372 2073; x_wconf 90' lang='lat' dir='ltr'><strong>sit.</strong></span> <span class='ocrx_word' id='word_1_225' title='bbox 1409 2029 1542 2088; x_wconf 85' lang='lat' dir='ltr'><strong>Elige</strong></span> 
     </span>
     <span class='ocr_line' id='line_1_35' title="bbox 111 2089 1543 2150; baseline 0.001 -16"><span class='ocrx_word' id='word_1_226' title='bbox 111 2090 253 2149; x_wconf 87' lang='lat' dir='ltr'><strong>igitur</strong></span> <span class='ocrx_word' id='word_1_227' title='bbox 278 2089 344 2148; x_wconf 90' lang='lat' dir='ltr'><strong>id,</strong></span> <span class='ocrx_word' id='word_1_228' title='bbox 371 2090 492 2148; x_wconf 91' lang='lat' dir='ltr'><strong>quod</strong></span> <span class='ocrx_word' id='word_1_229' title='bbox 517 2091 756 2148; x_wconf 89' lang='lat' dir='ltr'><strong>praecipue</strong></span> <span class='ocrx_word' id='word_1_230' title='bbox 782 2106 852 2136; x_wconf 93' lang='lat' dir='ltr'><strong>res</strong></span> <span class='ocrx_word' id='word_1_231' title='bbox 878 2091 978 2149; x_wconf 88' lang='lat' dir='ltr'><strong>ipsa</strong></span> <span class='ocrx_word' id='word_1_232' title='bbox 1004 2092 1205 2136; x_wconf 84' lang='lat' dir='ltr'><strong>suaserit.</strong></span> <span class='ocrx_word' id='word_1_233' title='bbox 1250 2091 1543 2150; x_wconf 88' lang='lat' dir='ltr'><strong>Calpurnium</strong></span> 
     </span>
     <span class='ocr_line' id='line_1_36' title="bbox 111 2152 1543 2213; baseline 0.001 -16"><span class='ocrx_word' id='word_1_234' title='bbox 111 2152 315 2198; x_wconf 89' lang='lat' dir='ltr'><strong>Macrum</strong></span> <span class='ocrx_word' id='word_1_235' title='bbox 348 2153 480 2198; x_wconf 86' lang='lat' dir='ltr'><strong>credo</strong></span> <span class='ocrx_word' id='word_1_236' title='bbox 501 2153 744 2210; x_wconf 88' lang='lat' dir='ltr'><strong>facturum,</strong></span> <span class='ocrx_word' id='word_1_237' title='bbox 771 2156 822 2198; x_wconf 91' lang='lat' dir='ltr'><strong>ut</strong></span> <span class='ocrx_word' id='word_1_238' title='bbox 847 2156 893 2198; x_wconf 91' lang='lat' dir='ltr'><strong>te</strong></span> <span class='ocrx_word' id='word_1_239' title='bbox 918 2154 1133 2200; x_wconf 90' lang='lat' dir='ltr'><strong>libratore</strong></span> <span class='ocrx_word' id='word_1_240' title='bbox 1159 2155 1372 2213; x_wconf 88' lang='lat' dir='ltr'><strong>instruat,</strong></span> <span class='ocrx_word' id='word_1_241' title='bbox 1397 2170 1543 2213; x_wconf 90' lang='lat' dir='ltr'><strong>neque</strong></span> 
     </span>
     <span class='ocr_line' id='line_1_37' title="bbox 111 2215 1090 2275; baseline 0.001 -15"><span class='ocrx_word' id='word_1_242' title='bbox 111 2215 371 2275; x_wconf 85' lang='lat' dir='ltr'><strong>provinciae</strong></span> <span class='ocrx_word' id='word_1_243' title='bbox 403 2216 515 2261; x_wconf 91' lang='lat' dir='ltr'><strong>istae</strong></span> <span class='ocrx_word' id='word_1_244' title='bbox 547 2217 618 2260; x_wconf 88' lang='lat' dir='ltr'><strong>his</strong></span> <span class='ocrx_word' id='word_1_245' title='bbox 652 2216 900 2261; x_wconf 88' lang='lat' dir='ltr'><strong>artificibus</strong></span> <span class='ocrx_word' id='word_1_246' title='bbox 928 2221 1090 2263; x_wconf 89' lang='lat' dir='ltr'><strong>carent.</strong></span> 
     </span>
    </p>
   </div>
   <div class='ocr_carea' id='block_1_10' title="bbox 113 2293 411 2298">
    <p class='ocr_par' dir='ltr' id='par_1_10' title="bbox 113 2293 411 2298">
     <span class='ocr_line' id='line_1_38' title="bbox 113 2293 411 2298; baseline 0 0"><span class='ocrx_word' id='word_1_247' title='bbox 113 2293 411 2298; x_wconf 95' lang='lat' dir='ltr'><strong> </strong></span> 
     </span>
    </p>
   </div>
   <div class='ocr_carea' id='block_1_11' title="bbox 216 2341 1542 2387">
    <p class='ocr_par' dir='ltr' id='par_1_11' title="bbox 216 2341 1542 2387">
     <span class='ocr_line' id='line_1_39' title="bbox 216 2341 1542 2387; baseline 0.002 -10"><span class='ocrx_word' id='word_1_248' title='bbox 216 2344 235 2378; x_wconf 89' lang='lat'>1</span> <span class='ocrx_word' id='word_1_249' title='bbox 262 2341 452 2378; x_wconf 81' lang='lat' dir='ltr'><strong>vacuetur</strong></span> <span class='ocrx_word' id='word_1_250' title='bbox 482 2341 633 2386; x_wconf 64' lang='lat' dir='ltr'><strong>Madv„</strong></span> <span class='ocrx_word' id='word_1_251' title='bbox 668 2341 818 2387; x_wconf 62' lang='lat' dir='ltr'><strong>Muell„</strong></span> <span class='ocrx_word' id='word_1_252' title='bbox 849 2342 1011 2378; x_wconf 83' lang='lat' dir='ltr'><strong>vacuari</strong></span> <span class='ocrx_word' id='word_1_253' title='bbox 1043 2341 1226 2379; x_wconf 85' lang='lat' dir='ltr'><strong>videatur</strong></span> <span class='ocrx_word' id='word_1_254' title='bbox 1252 2342 1305 2379; x_wconf 89' lang='lat' dir='ltr'><strong>K.</strong></span> <span class='ocrx_word' id='word_1_255' title='bbox 1326 2343 1386 2387; x_wconf 92' lang='lat' dir='ltr'><strong>II,</strong></span> <span class='ocrx_word' id='word_1_256' title='bbox 1419 2354 1542 2380; x_wconf 87' lang='lat' dir='ltr'><strong>vacuo</strong></span> 
     </span>
    </p>
   </div>
   <div class='ocr_carea' id='block_1_12' title="bbox 112 2389 1544 2541">
    <p class='ocr_par' dir='ltr' id='par_1_12' title="bbox 112 2389 1544 2541">
     <span class='ocr_line' id='line_1_40' title="bbox 112 2389 1544 2438; baseline 0.002 -11"><span class='ocrx_word' id='word_1_257' title='bbox 112 2389 295 2428; x_wconf 78' lang='lat' dir='ltr'><strong>videatur</strong></span> <span class='ocrx_word' id='word_1_258' title='bbox 326 2392 420 2437; x_wconf 80' lang='lat' dir='ltr'><strong>Aa,</strong></span> <span class='ocrx_word' id='word_1_259' title='bbox 451 2389 581 2428; x_wconf 87' lang='lat' dir='ltr'><strong>vicino</strong></span> <span class='ocrx_word' id='word_1_260' title='bbox 613 2391 794 2429; x_wconf 85' lang='lat' dir='ltr'><strong>videatur</strong></span> <span class='ocrx_word' id='word_1_261' title='bbox 829 2391 923 2438; x_wconf 69' lang='lat' dir='ltr'><strong>Cat„</strong></span> <span class='ocrx_word' id='word_1_262' title='bbox 958 2392 1010 2429; x_wconf 90' lang='lat' dir='ltr'><strong>K.</strong></span> <span class='ocrx_word' id='word_1_263' title='bbox 1031 2393 1066 2438; x_wconf 90' lang='lat' dir='ltr'><strong>I,</strong></span> <span class='ocrx_word' id='word_1_264' title='bbox 1100 2392 1230 2430; x_wconf 86' lang='lat' dir='ltr'><strong>Hard.</strong></span> <span class='ocrx_word' id='word_1_265' title='bbox 1371 2396 1416 2429; x_wconf 92' lang='lat'><strong>11</strong></span> <span class='ocrx_word' id='word_1_266' title='bbox 1452 2393 1544 2431; x_wconf 87' lang='lat' dir='ltr'><strong>dein</strong></span> 
     </span>
     <span class='ocr_line' id='line_1_41' title="bbox 112 2441 1543 2491; baseline 0.002 -13"><span class='ocrx_word' id='word_1_267' title='bbox 112 2451 204 2478; x_wconf 85' lang='lat' dir='ltr'><strong>vero</strong></span> <span class='ocrx_word' id='word_1_268' title='bbox 224 2453 301 2489; x_wconf 75' lang='lat' dir='ltr'><strong>pro</strong></span> <span class='ocrx_word' id='word_1_269' title='bbox 327 2441 523 2479; x_wconf 81' lang='lat' dir='ltr'><strong>enimvero</strong></span> <span class='ocrx_word' id='word_1_270' title='bbox 552 2442 737 2479; x_wconf 84' lang='lat' dir='ltr'><strong>Momms.·</strong></span> <span class='ocrx_word' id='word_1_271' title='bbox 834 2445 879 2478; x_wconf 83' lang='lat'><strong>12</strong></span> <span class='ocrx_word' id='word_1_272' title='bbox 907 2441 1027 2479; x_wconf 86' lang='lat' dir='ltr'><strong>altius</strong></span> <span class='ocrx_word' id='word_1_273' title='bbox 1057 2442 1215 2491; x_wconf 67' lang='lat' dir='ltr'><strong>Gieriy„</strong></span> <span class='ocrx_word' id='word_1_274' title='bbox 1242 2443 1391 2490; x_wconf 66' lang='lat' dir='ltr'><strong>Madv„</strong></span> <span class='ocrx_word' id='word_1_275' title='bbox 1419 2444 1543 2482; x_wconf 81' lang='lat' dir='ltr'><strong>artius</strong></span> 
     </span>
     <span class='ocr_line' id='line_1_42' title="bbox 113 2491 1543 2541; baseline 0.003 -13"><span class='ocrx_word' id='word_1_276' title='bbox 113 2491 213 2540; x_wconf 65' lang='grc' dir='ltr'><strong><em>ναῖς.</em></strong></span> <span class='ocrx_word' id='word_1_277' title='bbox 343 2495 390 2529; x_wconf 82' lang='lat'><strong>25</strong></span> <span class='ocrx_word' id='word_1_278' title='bbox 418 2493 479 2529; x_wconf 87' lang='lat' dir='ltr'><strong>est</strong></span> <span class='ocrx_word' id='word_1_279' title='bbox 505 2504 542 2538; x_wconf 86' lang='lat' dir='ltr'><strong>a,</strong></span> <span class='ocrx_word' id='word_1_280' title='bbox 569 2503 639 2530; x_wconf 88' lang='lat' dir='ltr'><strong>om.</strong></span> <span class='ocrx_word' id='word_1_281' title='bbox 668 2492 770 2529; x_wconf 89' lang='lat' dir='ltr'><strong>K.I.</strong></span> <span class='ocrx_word' id='word_1_282' title='bbox 900 2496 948 2530; x_wconf 82' lang='lat'><strong>28</strong></span> <span class='ocrx_word' id='word_1_283' title='bbox 980 2505 1052 2530; x_wconf 88' lang='lat' dir='ltr'><strong>usu</strong></span> <span class='ocrx_word' id='word_1_284' title='bbox 1084 2493 1178 2539; x_wconf 69' lang='lat' dir='ltr'><strong>Cat„</strong></span> <span class='ocrx_word' id='word_1_285' title='bbox 1212 2493 1264 2531; x_wconf 88' lang='lat' dir='ltr'><strong>K.</strong></span> <span class='ocrx_word' id='word_1_286' title='bbox 1281 2495 1340 2540; x_wconf 92' lang='lat' dir='ltr'><strong>II,</strong></span> <span class='ocrx_word' id='word_1_287' title='bbox 1372 2506 1466 2532; x_wconf 82' lang='lat' dir='ltr'><strong>usus</strong></span> <span class='ocrx_word' id='word_1_288' title='bbox 1492 2495 1543 2541; x_wconf 80' lang='lat' dir='ltr'><strong>A,</strong></span> 
     </span>
    </p>
   </div>
   <div class='ocr_carea' id='block_1_13' title="bbox 115 2540 372 2588">
    <p class='ocr_par' dir='ltr' id='par_1_13' title="bbox 115 2540 372 2588">
     <span class='ocr_line' id='line_1_43' title="bbox 115 2540 372 2588; baseline 0.004 -10"><span class='ocrx_word' id='word_1_289' title='bbox 115 2540 168 2579; x_wconf 89' lang='lat' dir='ltr'><strong>K.</strong></span> <span class='ocrx_word' id='word_1_290' title='bbox 182 2541 219 2588; x_wconf 88' lang='lat'><strong>1,</strong></span> <span class='ocrx_word' id='word_1_291' title='bbox 245 2542 372 2580; x_wconf 82' lang='lat' dir='ltr'><strong>Hard.</strong></span> 
     </span>
    </p>
   </div>
  </div>
 </body>
</html>
