1630 2678
194 128 252 173 98
781 118 818 156 C.
845 117 978 154 PLINI

196 236 379 292 damque
412 235 620 278 curarent
682 230 764 275 Illa
803 244 920 274 nunc
952 229 1006 272 ad
1038 228 1240 284 Vestam,
1278 241 1397 271 nunc
1427 226 1483 271 ad
1515 241 1581 272 ce-

195 300 312 341 teros
339 297 440 339 deos
466 308 618 337 manus
640 292 820 336 tendens
847 291 999 346 multa,
1024 289 1100 333 sed
1124 288 1210 333 hoc
1228 283 1581 345 frequentissime

198 357 462 402 clamitabat:
505 354 589 397 Me
629 352 786 396 Caesar
817 352 1027 395 incestam
1059 351 1205 407 putat,
1247 363 1336 406 qua
1366 363 1489 394 sacra
1520 349 1582 393 fa-

148 430 170 463 8
196 419 335 463 ciente
366 416 486 470 vicit,
518 413 842 471 triumphavitl'
886 411 1122 456 Blandiens
1154 410 1264 456 haec
1293 425 1352 454 an
1374 410 1582 467 inridens,

196 495 249 523 ex
292 478 449 521 fiducia
489 476 556 520 sui
589 491 644 519 an
676 491 729 518 ex
760 476 1015 530 contemptu
1046 472 1259 530 principis
1291 471 1467 528 dixerit,
1506 471 1582 515 du·
1626 486 1630 511 ι

196 540 314 583 bium
347 541 422 582 est.
474 537 614 593 Dixit,
641 536 779 579 donec
805 535 858 578 ad
885 534 1172 592 supplicium,
1201 533 1350 578 nescio
1377 547 1434 578 an
1457 532 1582 576 inno-

148 612 168 644 9
195 615 312 656 cens,
343 601 457 643 certe
488 601 713 655 tamquam
744 597 952 640 innocens
985 595 1116 639 ducta
1147 596 1224 638 est.
1287 593 1407 646 Quin
1437 593 1584 650 etiam,

195 676 293 705 cum
345 660 392 703 in
441 658 550 702 illud
595 659 922 702 subterraneum
967 656 1218 700 cubiculum
1269 654 1584 711 demitteretur,

195 721 487 776 haesissetque
525 718 802 763 descendenti
839 719 974 770 stola,
1011 718 1143 761 vertit
1181 732 1227 761 se
1258 731 1311 761 ac
1340 715 1584 774 recollegit,

195 797 378 838 cumque
410 781 449 825 ei
482 796 657 824 manum
690 779 883 824 carnifex
907 779 1048 835 daret,
1078 780 1276 822 aversata
1306 778 1374 823 est
1405 779 1450 822 et
1479 777 1584 821 resi-
1611 790 1630 817 ιι

194 843 277 886 luit
317 842 579 898 foedumque
621 842 872 898 contagium
915 841 1040 896 quasi
1079 840 1210 896 plane
1242 854 1269 882 a
1299 840 1421 883 casto
1452 853 1583 896 puro-

197 919 279 959 que
321 918 502 960 corpore
544 902 781 946 novissima
825 901 1054 945 sanctitate
1097 900 1249 946 reiecit
1292 899 1584 956 omnibusque

195 964 386 1008 numeris
428 963 607 1020 pudoris
651 963 854 1019 πολλὴν
894 963 1162 1019 πρόνοιαν
1199 959 1356 1019 ἔσχεν
1393 961 1584 1019 εὐσχή-

126 1036 171 1069 10
195 1042 305 1081 μων
345 1031 541 1068 πεσεῖν.
604 1023 831 1067 Praeterea
873 1023 1011 1079 Celer,
1050 1037 1182 1080 eques
1223 1022 1468 1079 Romanus,
1513 1021 1585 1066 cui

197 1085 396 1130 Cornelia
428 1085 712 1141 obiciebatur,
745 1099 844 1128 cum
875 1084 921 1128 in
947 1085 1126 1128 comitio
1158 1084 1295 1143 virgis
1321 1083 1586 1139 caederetur,
1610 1097 1630 1124 ι,

127 1158 169 1191 11
196 1147 243 1190 in
283 1147 365 1190 hac
404 1161 511 1190 voce
551 1146 817 1203 perstiterat:
859 1145 990 1197 Quid
1028 1145 1143 1189 feci‘?
1183 1145 1298 1189 nihil
1328 1144 1442 1189 feci?
1503 1142 1586 1187 Ar-

197 1208 326 1251 debat
369 1222 472 1265 ergo
517 1206 794 1250 Domitianus
839 1209 882 1250 et
925 1206 1194 1250 crudelitatis
1245 1208 1290 1250 et
1338 1204 1585 1262 iniquitatis

197 1268 386 1312 infamia.
437 1268 606 1324 Arripit
630 1267 927 1324 Licinianum,
958 1268 1082 1337 quod
1108 1268 1155 1311 in
1186 1267 1304 1325 agris
1330 1267 1422 1311 suis
1442 1266 1586 1310 occul-

197 1332 332 1373 tasset
356 1328 579 1372 Corneliae
604 1329 817 1372 libertam.
868 1329 948 1372 llle
974 1329 1027 1372 ab
1054 1329 1120 1386 iis,
1146 1328 1307 1386 quibus
1332 1330 1426 1372 erat
1444 1342 1587 1382 curae,

198 1393 519 1446 praemonetur,
564 1390 601 1434 si
646 1390 871 1433 comitium
916 1393 959 1433 et
1003 1391 1148 1448 virgas
1192 1389 1287 1447 pati
1329 1389 1486 1446 nollet,
1529 1387 1586 1432 ad
1611 1403 1630 1431 ι

130 1460 173 1493 12
201 1451 514 1494 confessionem
556 1450 812 1508 confugeret
850 1451 974 1507 quasi
1005 1451 1060 1494 ad
1092 1451 1285 1495 veniam·
1323 1450 1440 1494 fecit.
1502 1447 1587 1493 Lo-

202 1513 326 1554 cutus
352 1514 417 1555 est
442 1527 521 1567 pro
548 1512 724 1555 absente
749 1511 995 1555 Herennius
1029 1511 1212 1557 Senecio
1244 1512 1333 1556 tale
1365 1510 1588 1568 quiddam,

203 1571 328 1627 quale
361 1575 426 1614 est
456 1572 582 1615 illud.
614 1579 784 1616 κεῖται
823 1573 1149 1630 Πάτροκλος.
1211 1571 1292 1617 Ait
1328 1572 1464 1617 enim:
1503 1570 1588 1615 ‘Ex

202 1631 411 1675 advocato
463 1633 640 1676 nuntius
691 1633 831 1677 factus
889 1649 1004 1691 sum3
1069 1634 1325 1678 Licinianus
1380 1631 1589 1678 recessit?

132 1703 177 1735 13
204 1691 383 1735 Gratum
423 1693 506 1735 hoc
547 1693 797 1738 Domitiano
831 1695 937 1739 adeo
971 1696 1166 1751 quidem,
1207 1697 1258 1738 ut
1295 1693 1456 1753 gaudio
1487 1707 1588 1750 pro·
1612 1708 1630 1736 ι

204 1753 377 1796 deretur
408 1753 673 1809 diceretque:
706 1755 924 1798 ‘Absolvit
954 1771 1034 1799 nos
1067 1756 1333 1800 Licinianus
1336 1755 1352 1786 '<
1412 1753 1589 1798 Adiecit

204 1814 334 1856 etiam
371 1828 459 1856 non
498 1829 588 1857 esse
620 1817 900 1859 verecundiae
932 1817 1023 1860 eius
1055 1817 1326 1886 instandum3
1364 1815 1452 1874 ipsi
1483 1830 1588 1859 vero

204 1874 421 1930 permisit,
466 1875 502 1916 si
543 1890 628 1929 qua
668 1879 833 1932 posset,
878 1893 930 1920 ex
973 1879 1102 1922 rebus
1136 1879 1226 1922 suis
1257 1879 1447 1935 raperet,
1488 1878 1589 1920 ante

205 1949 336 1990 quam
368 1934 483 1977 bona
507 1935 844 1992 publicarentur,
875 1939 1138 1996 exiliumque
1164 1939 1298 1983 molle
1322 1938 1446 1983 velut
1467 1951 1590 1994 prae-

88 1998 103 2059 }
136 2006 180 2039 14
206 1995 343 2037 mium
388 1995 515 2038 dedit.
590 1995 659 2038 Ex
700 2012 785 2052 quo
830 2002 976 2042 tamen
1019 2003 1172 2056 postea
1222 1999 1456 2044 clementia
1499 1997 1589 2042 divi
1613 2011 1630 2040 a

306 2142 325 2173 7
346 2140 462 2183 tamq.
483 2150 663 2175 innocens
679 2141 729 2176 M
741 2142 838 2185 VD,
860 2143 923 2186 Κ,
943 2143 1074 2189 Μενν.,
1090 2145 1238 2189 Muell„
1256 2146 1376 2190 tamq.
1395 2142 1590 2180 nocensR

208 2186 285 2231 (sed
308 2187 369 2222 hic
395 2198 486 2223 corr.
501 2199 546 2223 ex
571 2188 720 2234 innoc.)
748 2170 893 2234 Fpra.
991 2195 1012 2227 8
1040 2192 1258 2229 cubiculum
1284 2193 1373 2230 add.
1393 2192 1590 2238 RFpra,

209 2235 305 2279 Otto,
319 2235 465 2279 Muell,
479 2236 610 2280 Merr„
623 2248 691 2272 om.
707 2238 866 2282 MVD,
882 2239 931 2274 K.
947 2240 1058 2287 (disp.
1071 2243 1159 2287 19),
1173 2242 1317 2290 Stanyl.
1394 2243 1441 2278 10
1453 2238 1589 2277 carnis.

207 2293 307 2319 man.
334 2284 527 2329 RFpra.
652 2290 695 2320 11
730 2288 949 2333 contagium
976 2289 1111 2334 RFa,
1140 2290 1242 2335 Otto,
1275 2289 1425 2334 Μυκη,
1456 2289 1591 2332 Mem,

208 2332 426 2367 contactum
442 2333 491 2367 M
504 2333 583 2370 VD
590 2345 659 2379 pr
675 2334 724 2370 K
741 2355 785 2360 —
805 2335 919 2380 plane
939 2348 1006 2373 om.
1028 2339 1126 2382 RF,
1145 2338 1259 2384 plane
1279 2338 1392 2385 quasi
1403 2336 1589 2382 Schoefer.

209 2383 255 2416 13
281 2380 749 2418 Eur.Hee.569.16
776 2386 1002 2428 pei-steterat
1028 2387 1078 2423 M
1092 2387 1133 2431 V,
1161 2388 1293 2424 Muell.
1402 2389 1450 2423 28
1476 2385 1590 2422 Hom.

210 2431 248 2465 Σ
268 2431 327 2466 20.
427 2433 473 2464 24
499 2440 572 2466 rec.
593 2429 670 2466 Lic
691 2431 819 2468 RFa.
