1716 2742
100 373 161 421 66

177 134 266 181 378
794 135 831 173 O.
854 134 991 173 PL1N1

176 253 492 310 congruerent,
532 253 672 308 utque
712 250 800 295 hoc
841 250 937 294 solo
978 250 1347 310 intellegerentur
1384 251 1471 310 ipsi
1505 267 1607 297 con-

176 314 293 358 sules
327 313 482 370 fuisse,
517 314 637 370 quod
670 313 747 357 alii
778 329 882 375 non*
904 313 1104 358 fuissent.

268 375 376 420 Non
420 376 649 434 transilui,
699 379 849 434 patres
893 377 1157 435 conscripti,
1202 377 1418 436 principis
1463 378 1608 423 nostri

175 439 477 497 consulatum,
521 439 597 483 sed
640 439 829 483 eundem
876 439 924 483 in
961 440 1112 484 locum
1153 440 1345 498 contuli,
1387 440 1606 499 quidquid

175 501 229 545 de
261 501 357 546 iure
383 501 573 546 iurando
602 502 838 547 dicendum
866 505 972 547 erat.
1037 502 1196 560 Neque
1224 504 1342 548 enim
1369 506 1421 548 ut
1446 503 1494 548 in
1522 506 1605 549 ste·
1632 522 1649 549 5

174 564 248 608 rili
280 564 519 623 ieiunaque
552 565 740 610 materia
773 565 958 610 eandem
992 566 1186 624 speciem
1219 566 1365 612 laudis
1399 566 1606 612 diducere

175 642 227 671 ac
260 642 469 687 spargere
503 631 637 686 atque
671 628 915 673 identidem
942 631 1134 674 tractare
1162 629 1387 674 debemus.
1429 628 1606 674 Inluxe-

173 692 244 734 rat
269 691 443 748 primus
471 692 732 736 consulatus
760 692 829 736 tui
856 692 963 750 dies,
991 707 1080 750 quo
1102 695 1152 736 tu
1180 693 1351 737 curiam
1377 692 1606 752 ingressus

173 768 294 798 nunc
328 753 551 813 singulos,
583 769 704 799 nunc
737 754 970 800 universos
1004 755 1269 802 adhortatus
1303 771 1349 802 es
1382 771 1606 801 resumere

172 816 450 875 libertatem,
496 832 726 875 capessere
772 818 901 876 quasi
947 818 1198 863 communis
1245 819 1423 877 imperii
1463 834 1605 877 curas,
1634 836 1670 864 ιο

174 879 411 939 invigilare
454 880 649 938 publicis
701 880 974 926 utilitatibus
1034 884 1079 926 et
1130 882 1373 942 insurgere.
1440 880 1606 927 Omnes

174 945 277 987 ante
310 945 354 987 te
388 943 542 988 eadem
569 943 656 989 ista
683 944 911 1002 dixerunt,
943 944 1114 989 nemini
1133 947 1285 989 tamen
1311 948 1415 990 ante
1441 947 1486 990 te
1514 960 1606 990 cre-

173 1005 317 1050 ditum
347 1009 424 1051 est.
490 1006 635 1051 Erant
662 1007 743 1052 sub
766 1007 907 1052 oculis
929 1008 1165 1067 naufragia
1191 1009 1459 1066 multorum,
1493 1023 1606 1066 quos

172 1068 389 1114 insidiosa
420 1070 749 1128 tranquillitate
777 1073 1015 1128 provectos
1043 1071 1316 1129 improvisus
1349 1071 1482 1116 turbo
1509 1087 1606 1129 per—

174 1132 353 1177 culerat.
377 1131 507 1186 Quod
522 1133 640 1178 enim
651 1136 744 1178 tam
767 1133 1016 1178 ‘infidum
1038 1134 1200 1178 mare'
1218 1150 1352 1192 quam
1361 1134 1606 1179 blanditiae
1633 1152 1668 1179 15

172 1194 429 1253 principum
457 1196 639 1240 illorum
647 1231 658 1254 ‚
687 1196 849 1254 quibus
876 1199 1004 1241 tanta
1029 1197 1207 1255 levitas,
1234 1199 1362 1242 tanta
1386 1197 1530 1256 fraus,
1555 1199 1607 1242 ut

171 1258 349 1303 facilius
390 1261 507 1304 esset
545 1259 683 1305 iratos
727 1275 861 1317 quam
902 1260 1125 1318 propitios
1160 1260 1347 1305 cavere?
1405 1260 1466 1305 Te
1499 1276 1605 1306 vero

173 1321 318 1366 securi
351 1324 394 1382 et
427 1322 613 1379 alacrem
655 1337 743 1380 quo
777 1336 935 1380 vocas,
968 1324 1208 1380 sequimur.
1273 1321 1407 1368 Iubes
1434 1338 1530 1368 esse
1555 1323 1600 1368 li·

172 1384 322 1430 beros:
344 1385 529 1443 erimus3
549 1385 690 1443 iubes,
711 1400 824 1443 quae
846 1385 1074 1444 sentimus,
1095 1401 1301 1444 promere
1322 1386 1370 1431 in
1390 1386 1606 1431 medium:

171 1447 462 1505 proferemus.
527 1447 689 1506 Neque
736 1449 855 1493 enim
901 1449 1048 1494 adhuc
1093 1449 1275 1508 ignavia
1321 1449 1513 1508 quadam
1557 1452 1603 1494 et
1632 1466 1669 1493 20

172 1511 309 1555 insito
349 1513 532 1569 torpore
572 1512 864 1557 cessavimus:
906 1514 1051 1557 terror
1091 1515 1136 1557 et
1174 1515 1320 1557 metus
1361 1515 1406 1557 et
1444 1513 1606 1557 misera

171 1573 250 1617 illa
283 1589 338 1618 ex
370 1574 581 1632 periculis
614 1575 735 1619 facta
766 1574 1007 1633 prudentia
1039 1575 1268 1633 monebat,
1307 1578 1360 1620 ut
1392 1591 1418 1620 a
1450 1592 1497 1620 re
1524 1591 1605 1634 pu-

171 1637 290 1681 blica
332 1635 478 1696 (nulla
520 1639 615 1682 erat
657 1641 807 1682 autem
851 1638 1033 1683 omnino
1079 1654 1149 1683 res
1192 1637 1394 1699 publica)
1438 1639 1607 1696 oculos,

173 1715 321 1754 aures,
365 1700 538 1745 animos
573 1703 886 1746 averteremus.
952 1700 1014 1745 At
1046 1717 1168 1746 nunc
1193 1705 1273 1746 tua
1306 1702 1463 1746 dextra
1495 1702 1606 1746 tuis-

174 1777 258 1820 que
292 1763 524 1821 promissis
557 1763 662 1808 freti
689 1767 733 1808 et
766 1763 909 1808 innixi
944 1765 1159 1822 obsaepta
1189 1765 1363 1809 diutina
1389 1765 1605 1809 servitute
1632 1778 1668 1808 25

175 1841 252 1870 ora
283 1841 531 1871 reseramus
565 1827 878 1885 frenatamque
920 1830 990 1872 tot
1022 1828 1154 1872 malis
1186 1828 1390 1887 linguam
1422 1827 1608 1873 resolvi-⁶

172 1904 284 1934 mus,
350 1889 432 1934 Vis
466 1890 586 1934 enim
619 1891 731 1935 tales
766 1906 860 1935 esse
894 1906 997 1949 nos,
1037 1891 1190 1948 quales
1223 1891 1367 1949 iubes,
1400 1890 1604 1949 nihilque

172 1952 560 1997 exhortationibus
606 1953 696 1998 tuis
742 1953 963 2011 fucatum,
1015 1953 1130 1998 nihil
1176 1953 1435 2012 subdolum,
1489 1954 1606 1998 nihil

173 2015 389 2073 denique,¹
428 2017 549 2074 quod
583 2016 836 2061 credentem
876 2016 1033 2061 fallere
1073 2020 1202 2074 paret
1234 2033 1327 2062 non
1360 2017 1456 2061 sine
1488 2017 1604 2075 peri·

172 2079 273 2123 culo
301 2078 513 2123 fallentis.
571 2078 731 2137 Neque
759 2080 879 2124 enim
906 2095 1122 2137 umquam
1149 2080 1361 2139 deceptus
1389 2082 1458 2125 est
1483 2080 1604 2138 prin·
1630 2094 1668 2122 30

173 2156 295 2199 ceps,
329 2141 418 2186 nisi
452 2141 530 2199 qui
562 2142 687 2200 prius
721 2142 817 2201 ipse
851 2143 1038 2201 decepit.

273 2244 318 2277 11
340 2252 374 2277 υ.
389 2241 588 2287 Hofacker
602 2253 643 2288 ρ.
666 2243 726 2278 55.
833 2246 877 2278 15
906 2242 1024 2278 Lucr.
1048 2244 1085 2287 2,
1107 2243 1183 2279 557
1209 2242 1450 2289 (Bornecque
1470 2253 1512 2289 p.
1526 2244 1602 2279 211

173 2294 208 2327 et
232 2293 336 2337 234).
442 2295 487 2328 17
517 2291 674 2328 facilius
697 2292 757 2338 M,
785 2293 899 2340 vulg„
928 2291 1084 2329 felicius
1109 2293 1232 2339 Lips„
1261 2292 1434 2329 securius
1460 2292 1601 2329 Baehr.

172 2341 216 2377 in
242 2345 431 2387 contemtu,
464 2343 530 2378 sed
555 2342 714 2378 facilius
743 2343 849 2379 Mus.
871 2343 993 2380 Rhen.
1017 2342 1148 2379 XXX
1172 2345 1259 2389 464,
1292 2341 1433 2380 melius
1459 2341 1602 2380 δαεῖεν.

175 2413 218 2416 -
246 2390 393 2428 habere
419 2392 534 2440 vulq„
561 2403 698 2430 cavere
724 2393 866 2430 Baehr.
889 2393 911 2429 l.
934 2393 958 2429 l.
980 2404 1026 2429 ex
1044 2404 1123 2430 uno
1144 2393 1224 2430 cod.
1247 2393 1464 2430 Harleiano
1489 2394 1604 2439 2480,

174 2441 240 2487 qui
264 2441 376 2478 habet
401 2442 551 2480 cabere.
716 2446 762 2479 23
790 2442 902 2479 nulla
928 2454 997 2480 om.
1021 2442 1076 2480 B‘
1088 2444 1140 2480 M
1149 2442 1213 2480 Μ’
1227 2443 1276 2489 Ο,
1305 2442 1442 2479 aberat
1470 2443 1602 2483 autem

174 2491 314 2527 Baehr.
418 2496 465 2529 28
485 2493 587 2529 nihil
607 2492 776 2540 denique
792 2494 844 2530 K.
860 2494 950 2530 diss.
965 2494 991 2530 1
1004 2497 1065 2539 14,
1086 2494 1241 2539 Baehr„
1263 2493 1413 2538 Muell„
1433 2492 1602 2540 denique

173 2539 274 2577 nihil
301 2542 352 2577 K.
369 2542 395 2578 1
418 2554 464 2579 ex
489 2555 558 2580 suo
585 2544 635 2589 A,
663 2543 832 2590 denique
860 2555 930 2580 om.
953 2544 1014 2590 M,
1042 2544 1094 2580 K.
1110 2545 1168 2580 II.
