1630 2678
159 102 245 147 120
746 95 784 133 c.
810 94 945 132 mm

107 223 129 256 a
153 210 342 255 breviter
378 209 631 266 amplectar,
670 206 844 251 ‘homo
884 205 1027 250 sum'.
1089 203 1186 249 Nec
1215 219 1320 249 vero
1358 204 1542 249 moleste

155 272 247 316 fero
279 271 391 315 hanc
422 285 513 313 esse
546 269 598 312 de
630 268 826 312 moribus
846 267 953 311 meis
974 265 1358 321 existimationem,
1374 267 1438 321 ut,
1464 266 1543 323 qui

155 332 354 377 nesciunt
405 330 510 374 talia
550 329 845 384 doctissimos,
892 326 1193 386 gravissimos,
1241 326 1541 372 sanctissimos

107 406 129 438 4
155 394 353 438 homines
380 391 671 454 scriptitasse,
710 405 779 433 me
818 389 1005 434 scribere
1041 388 1267 432 mirentur.
1338 385 1409 432 Ab
1450 387 1540 432 illis

155 457 316 509 autem,
348 452 505 508 quibus
544 453 699 494 notum
738 453 822 507 est,
865 464 975 507 quos
1018 451 1297 506 quantosque
1338 451 1540 494 auctores

156 530 327 571 sequar,
359 512 486 556 facile
518 512 742 569 impetrari
774 524 903 569 posse
943 510 1138 565 confid0,
1181 512 1234 554 ut
1277 525 1421 555 errare
1458 525 1542 566 me,

155 576 228 619 sed
261 589 358 618 cum
390 573 478 616 illis
511 573 674 627 sinant,
707 587 894 628 quorum
918 587 1009 615 non
1047 571 1160 615 seria
1197 570 1349 628 modo,
1388 586 1542 615 verum

107 648 128 681 5
154 636 283 679 etiam
309 635 429 678 lusus
462 634 702 691 exprimere
745 633 966 677 laudabile
1010 635 1088 676 est.
1150 630 1225 676 An
1264 646 1348 691 ego
1390 646 1544 676 verear

153 695 390 755 (neminem
422 695 684 750 viventium,
713 710 770 738 ne
802 709 934 751 quam
966 693 1013 736 in
1044 693 1236 751 speciem
1275 693 1542 738 adulationis

153 757 353 813 incidam,
384 754 654 813 nominabo),
681 756 756 799 sed
782 770 863 813 ego
896 770 1064 810 verear,
1103 769 1161 798 ne
1201 769 1272 799 me
1302 769 1395 799 non
1435 754 1542 799 satis

153 818 320 871 deceat,
353 817 470 874 quod
516 816 662 860 decuit
692 816 750 860 M.
783 816 991 873 Tullium,
1025 814 1070 859 C.
1098 814 1296 872 Calvum,
1337 813 1544 860 Asinium

152 877 408 935 Pollionem,
440 877 497 921 M.
533 877 777 933 Messalam,
819 877 868 929 Q.
903 877 1206 934 Hortensium,
1246 875 1306 920 Μ.
1339 876 1544 934 Brutum,

152 939 199 982 L.
221 937 400 995 Sullam,
434 937 482 990 Q.
517 937 732 994 Catulum,
766 938 815 990 Q.
848 937 1117 994 Scaevolam,
1156 937 1360 982 Servium
1399 936 1544 995 Sulpi-

153 1000 287 1057 cium,
318 999 387 1043 M.
413 999 674 1054 Varronem,
711 999 762 1043 L.
795 999 1080 1056 Torquatum,
1110 999 1247 1043 immo
1282 999 1545 1056 Torquatos,

154 1060 198 1104 C.
217 1060 489 1115 Memmium,
509 1060 745 1104 Lentulum
767 1059 1053 1116 Gaetulicum,
1078 1059 1311 1104 Annaeum
1332 1059 1544 1105 Senecam

155 1124 198 1164 et
240 1122 437 1178 proxime
483 1121 741 1180 Verginium
785 1121 951 1165 Rufum
996 1125 1056 1176 et,
1101 1122 1139 1165 si
1181 1137 1272 1166 non
1317 1121 1546 1166 sufficiunt

153 1183 351 1239 exempla
388 1182 570 1239 privata,
602 1182 751 1226 divum
783 1183 958 1236 Iulium,
990 1183 1142 1227 divum
1172 1181 1445 1242 Augustum,
1484 1182 1546 1226 di-

106 1254 126 1286 6
152 1258 255 1286 vum
298 1242 510 1299 Nervam,
553 1242 778 1287 Tiberium
823 1243 1079 1288 Caesarem?
1153 1243 1378 1288 Neronem
1427 1243 1545 1288 enim

152 1306 338 1358 transeo,
370 1304 569 1360 quamvis
602 1305 736 1348 sciam
760 1320 852 1348 non
870 1305 1095 1362 corrumpi
1125 1306 1172 1349 in
1197 1305 1401 1360 deterius,
1432 1319 1545 1362 quae

154 1364 386 1421 aliquando
425 1365 556 1408 etiam
594 1381 620 1408 a
663 1365 802 1422 malie„
846 1366 920 1410 sed
965 1367 1152 1411 honesta
1195 1381 1394 1424 manere,
1433 1380 1545 1423 quae

155 1426 324 1481 saepius
357 1441 382 1468 a
413 1426 540 1469 bonis
581 1426 704 1469 fiunt.
767 1425 888 1470 Inter
929 1442 1039 1484 quos
1077 1428 1149 1472 vel
1191 1427 1427 1485 praecipue
1466 1442 1546 1470 nu-

155 1486 384 1529 merandus
416 1489 480 1530 est
511 1486 557 1529 P.
585 1486 826 1545 Vergilius,
872 1487 1100 1533 Cornelius
1144 1488 1298 1546 Nepos
1337 1491 1381 1532 et
1422 1487 1546 1546 prius

155 1545 325 1590 Ennius
356 1545 613 1603 Acciusque.
676 1547 721 1592 N
723 1563 781 1591 on
801 1549 977 1605 quidem
997 1549 1045 1593 hi
1065 1552 1302 1605 senatores,
1329 1549 1405 1593 sed
1423 1563 1547 1594 sanc-

110 1617 130 1649 ἰ
156 1606 259 1650 titas
304 1622 473 1650 morum
517 1623 607 1651 non
627 1609 759 1652 distat
779 1610 1016 1654 ordinibus.
1068 1611 1225 1655 Recito
1244 1613 1406 1668 tamen,
1425 1609 1547 1667 quod

156 1666 223 1710 ini
255 1682 311 1710 an
351 1668 549 1725 fecerint,
586 1670 745 1714 nescio.
818 1671 984 1715 Etiam:
1029 1672 1105 1716 sed
1145 1671 1215 1716 illi
1258 1670 1422 1716 iudicio
1463 1685 1544 1716 suo

1568 766 1604 795 10

1570 1071 1606 1100 15

1569 1377 1607 1405 20

157 1730 361 1784 poterant
391 1743 483 1771 esse
515 1732 721 1785 contenti,
754 1732 862 1775 mihi
901 1732 1142 1777 modestior
1180 1732 1429 1777 constantia
1467 1735 1545 1789 est,
1570 1681 1630 1770 ²⁶}

158 1803 290 1844 quam
322 1791 371 1831 ut
402 1790 507 1832 satis
539 1790 789 1835 absolutum
822 1796 985 1850 putem,
1019 1794 1139 1850 quod
1170 1809 1196 1838 a
1226 1809 1296 1838 me
1322 1793 1544 1851 probetur.
1625 1832 1630 1843 ,

109 1859 132 1892 8
156 1847 311 1905 ltaque
342 1849 420 1892 has
451 1851 660 1894 recitandi
692 1867 842 1897 causas
863 1869 1033 1911 sequor,
1058 1855 1252 1912 primum
1288 1855 1407 1911 quod
1438 1854 1547 1912 ipse,
1627 1875 1630 1913 3

159 1909 235 1966 qui
265 1910 438 1965 recitat,
484 1911 706 1967 aliquanto
753 1914 892 1958 acrius
939 1916 1111 1972 scriptis
1158 1916 1248 1961 suis
1293 1915 1546 1960 auditorum
1627 1927 1630 1952 1

257 2069 275 2100 1
304 2065 352 2109 cf.
379 2066 526 2102 Petron.
549 2069 642 2110 13o‚·
679 2069 757 2103 Ter.
786 2070 924 2106 Heaut.
948 2074 994 2108 77
1003 2085 1017 2116 ;
1047 2072 1177 2109 Plaut.
1208 2073 1314 2110 Trin.
1341 2074 1437 2117 4473
1460 2073 1546 2109 Iuv.
1624 2034 1630 2116 ἐ

167 2113 225 2150 VI
245 2116 330 2158 284,
356 2114 405 2150 al.
543 2118 588 2150 14
613 2115 663 2151 M.
690 2117 776 2153 add.
803 2118 1018 2156 Mommsen.
1047 2142 1092 2148 —
1119 2121 1159 2158 L.
1187 2121 1276 2158 aad.
1301 2121 1438 2169 Stanql
1461 2123 1545 2158 678.

161 2164 205 2197 15
238 2163 439 2198 Annaeum
472 2161 653 2199 Senecam
686 2166 739 2210 (et
769 2167 855 2203 add.
881 2170 947 2214 νς)
983 2169 1180 2206 Lucanum
1212 2171 1252 2206 et
1282 2181 1389 2217 prox.
1423 2169 1548 2215 Μτς,
1627 2194 1630 2204 .

1623 2118 1630 2183 ἰ

160 2211 212 2247 Κ.
233 2211 267 2255 1,
298 2221 367 2247 om.
401 2212 467 2257 (et)
499 2211 693 2247 Lucanum
726 2214 897 2261 RFDp
909 2228 950 2261 a,
986 2218 1036 2254 K.
1057 2218 1152 2264 disp.
1179 2220 1207 2255 Ι
1228 2222 1275 2255 11
1300 2230 1368 2266 sq„
1399 2217 1548 2264 Muell„
1626 2224 1630 2255 ἱ

158 2259 292 2304 Mer-r„
316 2258 515 2295 Annaeum
543 2259 743 2306 Senecam,
769 2263 969 2300 Annaeum
995 2266 1191 2302 Lucanum
1218 2268 1257 2303 et
1282 2279 1388 2314 prox.
1415 2267 1469 2304 K.
1487 2267 1545 2303 11.

159 2310 205 2343 22
232 2307 338 2355 Virg.
365 2308 548 2362 RFpija.
682 2314 726 2345 23
754 2310 899 2348 Ennius
924 2314 1138 2361 Acciusque
1164 2316 1389 2362 RFa(pr),
1413 2315 1549 2363 Stanql

158 2358 244 2402 662,
255 2356 394 2392 Accius
408 2356 628 2402 Enmusque
642 2359 692 2394 M
701 2359 788 2405 (D),
803 2361 852 2397 K.
867 2363 924 2397 ΙΙ.
1013 2367 1058 2400 26
1073 2364 1309 2401 conscientia
1323 2364 1548 2410 Gaeaubon„

160 2405 212 2442 K.
239 2405 402 2450 conferri
425 2406 536 2442 iussit
562 2406 670 2451 1⁷12,
690 2411 724 2443 4.

1599 2426 1630 2678 l
