1630 2678
495 150 850 190 EPISTULARUM
874 150 910 188 v
937 154 1045 188 1—3.
1386 151 1473 196 119

77 267 237 327 Neque
265 266 384 312 enim
414 281 513 311 sum
544 267 636 309 tam
669 264 861 321 sapiens,
903 266 954 306 ut
994 262 1107 307 nihil
1150 277 1248 307 mea
1287 261 1475 320 intersit,
1501 273 1547 307 18

80 345 140 375 an
167 329 237 388 iis,
266 343 380 387 quae
410 327 596 371 honeste
626 325 782 370 fecisse
803 339 872 368 me
891 324 1035 379 credo,
1060 323 1313 368 testificatio
1346 338 1475 380 quae·

4 427 5 430 ¹
81 390 182 436 dm
213 392 260 436 et
283 389 416 448 ‘quasi
447 388 693 446 praemium
726 385 915 431 accedat.
979 385 1101 429 Vale.

0 570 10 584 ,
753 525 806 566 H.
891 519 1043 562 71...ae‘5
1058 526 1130 578 fh
1156 537 1268 560 son-u
1290 521 1470 563 llus-ks

0 604 13 641 ¹*
35 622 55 653 ὅ
282 614 326 649 C·
346 613 549 648 PLINIUS
576 612 864 647 CALPURNIO
890 611 1085 645 FLACCO
1113 610 1208 645 SUO
1236 610 1274 644 S-

158 694 326 754 Accepi
368 693 687 753 pulcherrimos
750 693 921 749 turdos,
979 707 1079 736 cum
1120 691 1279 748 quibus
1326 705 1478 748 parem
1504 702 1525 736 1

79 757 300 803 caleulum
332 771 496 814 ponere
538 769 620 799 nec
650 755 764 798 ruris
809 754 949 810 copiis
994 768 1049 797 ex
1088 752 1356 796 Laurentino
1397 766 1480 796 nec

80 818 215 863 maris
262 820 356 862 tam
396 816 584 861 turbidis
623 815 959 873 tempestatibus
1010 829 1204 871 possum.
1276 813 1479 870 Recipies
1504 825 1527 858 2

82 893 190 939 ergo
227 879 441 938 epistulas
486 877 655 922 steriles
700 880 745 921 et
788 876 1049 933 simpliciter
1092 875 1288 933 ingratas
1330 889 1381 918 ac
1423 889 1480 918 ne

18 953 59 983 ιο
83 941 207 986 illam
238 939 417 998 quidem
449 938 691 983 sollertiam
723 937 951 981 Diomedis
984 937 1031 980 in
1062 935 1354 993 permutando
1386 950 1481 979 mu·

79 1016 185 1047 nere
224 1001 459 1046 imitantes.
539 998 638 1056 Sed,
680 1014 792 1056 quae
831 998 1021 1042 facilitas
1062 1001 1160 1054 tua,
1211 997 1298 1041 hoc
1338 997 1480 1055 magis

27 1113 34 1121 ‚
81 1062 205 1108 dabis
236 1062 424 1119 veniam,
456 1061 575 1119 quod
608 1076 654 1104 se
685 1075 777 1104 non
802 1059 959 1104 mereri
991 1059 1197 1103 fatentur.
1260 1058 1383 1102 Vale.

0 1173 20 1249 ἲ
736 1198 813 1239 111.
853 1190 1200 1266 ayeasssm
1228 1196 1291 1233 aa»
1322 1205 1468 1238 «κως.

0 1314 22 1343 a<-
337 1286 381 1322 C.
402 1286 605 1320 PLINIUS
632 1286 769 1320 TITIO
797 1285 1033 1319 ARISTONI
1067 1284 1162 1318 SUO
1190 1284 1228 1318 S.

0 1376 59 1436 {u
163 1367 275 1413 Cum
310 1366 502 1426 plurima
558 1366 707 1411 officia
755 1369 833 1410 tua
876 1366 986 1409 mihi
1024 1367 1150 1423 grata
1195 1367 1238 1407 et
1293 1363 1485 1408 iucunda
1510 1375 1529 1409 1

0 1437 35 1526 *3⁸
84 1432 206 1488 sunt,
235 1431 333 1474 tum
364 1429 436 1473 vel
461 1428 663 1483 maxime,
696 1427 815 1484 quod
841 1442 910 1470 me
943 1426 1173 1470 celandum
1198 1431 1291 1468 non
1316 1424 1484 1482 putasti

0 1503 19 1534 ’-
82 1490 221 1536 fuisse
252 1489 369 1548 apud
400 1492 445 1534 te
477 1489 531 1533 de
559 1489 787 1533 versiculis
820 1489 929 1532 meis
950 1488 1140 1530 multum
1167 1486 1484 1544 copiosumque

0 1549 18 1605 ,9
83 1566 332 1597 sermonem
370 1565 558 1608 eumque
596 1550 849 1594 diversitate
881 1548 1144 1592 iudiciorum
1175 1547 1354 1606 longius
1385 1562 1485 1605 pro-

84 1613 285 1670 cessisse,
322 1612 519 1656 extitisse
551 1612 684 1655 etiam
718 1610 950 1667 quosdam,
990 1609 1067 1666 qui
1103 1609 1268 1666 scripta
1306 1608 1483 1666 quidem

20 1690 62 1720 ιο
83 1673 182 1733 ipsa
210 1688 302 1718 non
333 1673 647 1730 improbarent,
686 1687 755 1715 me
786 1674 935 1714 tamen
966 1670 1106 1714 amice
1138 1670 1485 1727 simpliciterque

85 1734 475 1794 reprehenderent,
531 1733 648 1790 quod
705 1733 814 1775 haec
871 1731 1104 1775 scriberem
1155 1731 1484 1788 recitaremque.

87 1795 256 1849 Quibus
288 1810 385 1854 ego,
416 1798 467 1838 ut
499 1810 682 1852 augeam
718 1808 859 1836 meam
893 1794 1088 1850 culpam,
1128 1793 1191 1836 ita
1221 1792 1485 1850 respondeo:
1511 1803 1533 1836 2

85 1856 201 1901 facio
245 1870 335 1900 non
378 1870 621 1911 numquam
662 1854 902 1898 versiculos
940 1868 1114 1898 severos
1152 1869 1328 1911 parum,
1369 1853 1484 1897 facio

87 1921 255 1972 tamen,
286 1918 332 1960 et
363 1916 612 1960 comoedias
645 1915 775 1959 audio
808 1918 853 1959 et
883 1918 1035 1972 specto
1067 1915 1227 1958 mimos
1254 1917 1298 1958 et
1322 1914 1485 1971 lyricos

25 1995 63 2024 ιι
86 1980 188 2038 lego
222 1981 268 2022 et
299 1976 528 2021 Sotadicos
568 1977 796 2035 intelleg03
828 1976 1065 2034 aliquando
1097 1979 1321 2033 praeterea
1352 1975 1486 2030 rideo,

0 2096 5 2103 .
89 2041 229 2096 iocor,
265 2038 390 2094 ludo,
428 2041 565 2095 utque
598 2037 746 2082 omnia
783 2038 988 2081 innoxiae
1026 2037 1293 2081 remissionis
1327 2051 1487 2094 genera

0 2154 4 2173 Ρ

0 2183 18 2243 l,
188 2187 209 2221 '1
235 2183 335 2221 ruris
364 2183 528 2228 Gruter„
552 2183 601 2227 cf.
628 2183 680 2220 11
702 2186 761 2227 17,
785 2185 855 2228 28;
889 2183 945 2219 VI
966 2186 1027 2227 28,
1058 2186 1091 2227 1,
1116 2181 1223 2218 urbis
1250 2181 1369 2226 codd„
1393 2180 1489 2227 edd„

0 2247 18 2278 r·
89 2232 181 2271 ulli·
200 2233 336 2272 Gatan.
422 2237 467 2269 10
487 2233 534 2278 cf.
557 2232 667 2269 Hom.
692 2234 720 2269 Z
739 2234 814 2270 230
831 2243 905 2279 sqq.
992 2235 1038 2267 23
1059 2242 1194 2278 pamm
1217 2230 1318 2266 facio
1338 2241 1428 2266 nam
1449 2231 1489 2267 et

0 2289 18 2313 s
106 2283 147 2320 et
170 2293 264 2320 eor-r.
289 2293 390 2319 man.
420 2286 452 2318 1.
479 2293 526 2318 ea·
551 2280 669 2317 etiam
695 2281 747 2326 R)
780 2280 978 2325 RFMa,
1017 2281 1113 2325 Otto,
1144 2279 1245 2315 facio
1272 2280 1312 2315 et
1337 2279 1489 2325 Dpsr,

136 2361 144 2369 .
164 2331 216 2369 11
231 2330 344 2378 (diap.
359 2331 387 2367 Ι
400 2333 480 2376 21),
506 2329 651 2374 Μυκη,
670 2329 771 2366 facio
791 2331 934 2373 tamen,
955 2330 995 2366 et
1014 2329 1147 2375 Stangl
1167 2328 1232 2374 (cf.
1255 2327 1337 2364 VII
1352 2330 1414 2372 23,
1434 2330 1489 2373 3),

92 2378 212 2425 Ῐιοίος
237 2390 327 2416 nam
356 2379 472 2416 etiam
502 2380 620 2415 Merr.
740 2382 786 2415 24
813 2378 1013 2415 comoedos
1040 2383 1170 2414 contra
1189 2377 1332 2414 codices
1358 2376 1409 2413 K.
1430 2377 1489 2422 II,

15 2445 20 2455 ’
95 2429 229 2467 nucu.
248 2428 331 2467 0011.
350 2429 375 2465 1
395 2431 452 2472 15,
471 2431 518 2471 2;
536 2428 610 2464 111
629 2431 662 2471 1,
684 2430 729 2471 9;
754 2427 821 2464 IX
841 2431 899 2471 17,
921 2430 965 2471 3;
985 2429 1044 2470 36,
1065 2429 1108 2469 4,·
1128 2429 1189 2470 40,
1208 2428 1244 2470 2,
1271 2424 1489 2462 comoedias

0 2487 24 2525 ,ἃ
93 2477 192 2526 ⁰⁸19.
291 2480 338 2514 85
366 2475 566 2514 Sotadicos
592 2476 740 2521 eatan„
767 2476 973 2513 socraticos
1000 2475 1118 2520 codd„
1145 2474 1331 2521 satyricos
1357 2482 1389 2511 ς.
