1630 2678
534 155 891 195 EPISTULARUM
915 157 951 195 V
978 162 1012 196 6.
1378 161 1464 206 127

7 265 19 356 ἱ
65 268 376 376 aaa
403 284 585 375 {ffi
605 268 1465 391 Pxsszss‘i01330zssigzzzpffffizff

574 364 586 388 Ὶ

65 393 435 510 fflffaffle
458 392 1466 511 {sspssssssrssssffssffriidssmssssnffifflffiiiss
1491 465 1537 499 31

3 518 44 562 ἐϋ
66 513 226 572 incipit
255 515 453 572 porticus
495 517 595 559 ante
632 515 827 559 medium
868 515 983 559 diem
1014 515 1218 573 hiberna,
1253 516 1465 560 inclinato

27 615 31 620 ,
66 573 139 620 die
177 575 355 620 aestiva.
418 574 515 620 Hac
556 575 773 620 adeuntur
813 576 982 620 diaetae
1023 577 1151 634 duae,
1193 592 1380 634 quarum
1419 578 1468 622 in

66 635 206 681 altera
235 636 441 682 cubicula
477 639 706 694 quattuor,
742 638 881 681 altera
917 638 1022 694 tria,
1059 642 1111 682 ut
1148 638 1351 683 circumit
1387 639 1467 695 sol,

67 699 147 743 aut
193 698 288 742 sole
337 699 524 742 utuntur
572 701 650 742 aut
698 699 868 742 umbra.
952 698 1080 744 Hanc
1130 699 1467 756 dispositionem
1492 710 1539 743 32

67 758 466 817 amoenitatemque
516 761 734 804 tectorum
786 760 920 818 longe
972 761 1193 819 longeque
1245 761 1468 818 praecedit

5 832 45 864 ιο
67 818 401 878 hippodromus.
475 819 649 864 Medius
694 821 883 878 patescit
926 822 1164 879 statimque
1205 822 1467 866 intrantium

68 881 211 926 oculis
239 883 363 926 totus
394 882 589 938 offertur,
628 882 820 939 platanis
852 883 1127 940 circumitur3
1165 883 1267 927 illae
1306 883 1469 927 hedera

66 941 319 986 vestiuntur
346 945 485 1000 utque
516 958 713 987 summae
751 943 842 988 suis
873 944 937 987 ita
967 945 1082 988 imae
1119 944 1272 988 alienis
1303 944 1469 988 frondi-

66 1001 152 1047 bus
182 1003 338 1048 virent.
400 1002 576 1048 Hedera
615 1007 822 1048 truncum
861 1007 906 1049 et
942 1020 1089 1049 ramos
1127 1009 1323 1062 pererrat
1360 1006 1467 1050 vici—

65 1077 234 1122 nasque
251 1064 455 1122 platanos
480 1066 671 1109 transitu
691 1080 772 1110 suo
793 1067 984 1123 copulat.
1047 1066 1141 1110 Has
1168 1067 1311 1110 buxus
1333 1067 1466 1111 inter-

0 1137 43 1206 p
65 1123 201 1182 iacet3
244 1126 483 1170 exteriores
518 1126 660 1170 buxos
702 1126 991 1171 circumvenit
1018 1128 1168 1172 laurus
1198 1128 1466 1184 umbraeque
1583 1161 1586 1171 .

0 1208 12 1250 ξ
66 1185 348 1243 platanorum
386 1201 511 1245 suam
548 1188 730 1232 confert.
794 1187 957 1233 Rectus
989 1188 1063 1233 hic
1100 1189 1384 1246 hippodromi
1415 1190 1466 1233 li-
1492 1198 1539 1232 33

0 1285 10 1294 .
66 1261 160 1292 mes
204 1248 254 1293 in
283 1250 479 1293 extrema
515 1251 640 1306 parte
677 1249 940 1307 hemicyclio
978 1250 1200 1308 frangitur
1237 1253 1466 1306 mutatque

0 1319 2 1321 ’
66 1307 244 1353 faciem:
283 1310 501 1367 cupressis
539 1310 733 1354 ambitur
777 1313 821 1354 et
857 1311 1024 1370 tegitur
1069 1312 1270 1355 densiore
1309 1312 1467 1355 umbra

0 1376 16 1429 't‘
67 1369 248 1427 opacior
289 1370 563 1429 nigriorqu03
617 1371 900 1415 interioribus
952 1373 1128 1416 circulis
1172 1371 1298 1429 (sunt
1348 1373 1466 1416 enim

0 1436 44 1490 μ
65 1429 235 1489 plures)
279 1431 566 1488 purissimum
610 1433 727 1476 diem
776 1433 944 1490 recipit.
1007 1432 1115 1476 Inde
1165 1434 1297 1477 etiam
1341 1448 1465 1477 rosas
1492 1443 1539 1477 84

0 1494 7 1539 ¹.
65 1491 192 1536 effert
221 1492 565 1550 umbrarumque
596 1494 738 1552 frigus
763 1509 854 1538 non
886 1494 1062 1551 ingrato
1095 1495 1187 1538 sole
1219 1493 1465 1553 distinguit.

0 1556 4 1567 ⁷
65 1551 215 1597 Finito
246 1554 369 1598 vario
407 1553 486 1598 illo
525 1555 850 1612 multiplicique
889 1555 1141 1599 curvamine
1179 1558 1300 1600 recto
1331 1556 1465 1600 limiti

64 1613 265 1658 redditur
294 1629 375 1659 nec
406 1614 510 1659 huic
542 1617 638 1672 uni3
669 1631 771 1659 nam
799 1616 894 1659 viae
919 1617 1068 1672 plures
1094 1616 1463 1661 intercedentibus

66 1674 196 1720 buxis
240 1675 510 1720 dividuntur.
578 1676 700 1720 Alibi
744 1677 985 1733 pratulum,
1031 1677 1136 1721 alibi
1179 1677 1277 1735 ipsa
1320 1678 1464 1722 buxus
1490 1686 1537 1720 35

3 1746 43 1783 8
65 1735 305 1781 intervenit
335 1737 382 1781 in
413 1737 580 1781 formas
613 1738 734 1781 mille
766 1737 996 1795 discripta,
1037 1738 1198 1783 litteris
1230 1739 1465 1794 interdum,

66 1811 180 1854 quae
199 1797 331 1842 modo
350 1813 512 1842 nomen
533 1798 700 1842 domini
720 1798 884 1854 dicunt,
905 1799 1037 1843 modo
1057 1800 1257 1844 artificis:
1283 1801 1464 1844 alternis

67 1858 257 1902 metulae
275 1861 475 1917 surgunt,
501 1859 682 1903 alternis
707 1859 872 1904 inserta
896 1862 1000 1904 sunt
1025 1876 1171 1918 poma,
1196 1865 1241 1905 et
1267 1861 1313 1905 in
1334 1876 1464 1918 opere

66 1918 360 1963 urbanissimo
392 1919 540 1963 subita
571 1920 693 1964 velut
722 1920 849 1964 inlati
880 1921 993 1965 ruris
1024 1922 1227 1966 imitatio.
1269 1922 1464 1966 Medium

67 1979 261 2037 spatium
286 1979 560 2024 brevioribus
586 1981 808 2038 utrimque
834 1982 1024 2039 platanis
1049 1983 1298 2027 adornatur.
1358 1982 1465 2027 Post
1490 1991 1536 2024 36

0 2054 43 2089 ιο
66 2040 146 2085 has
178 2041 391 2085 acanthus
432 2041 536 2086 hinc
578 2042 679 2086 inde
709 2042 907 2088 lubricus
946 2046 990 2088 et
1031 2044 1267 2100 flexuosus,
1309 2044 1464 2088 deinde

65 2102 213 2158 plures
245 2102 413 2160 figurae
451 2102 666 2159 pluraque
697 2104 888 2148 nomina.
951 2104 1004 2149 In
1044 2106 1185 2163 capite
1225 2105 1463 2148 stibadium

66 2162 254 2207 candido
293 2178 509 2207 marmore
546 2164 635 2207 vite
667 2166 932 2224 protegitur3
972 2167 1107 2210 vitem
1146 2169 1357 2223 quattuor
1394 2180 1463 2209 co·

4 2231 6 2235 ’
65 2223 272 2268 lamellae
311 2223 535 2282 Carystiae
580 2224 778 2270 subeunt.
843 2226 914 2271 Ex
961 2227 1150 2271 stibadio
1190 2242 1305 2283 aqua
1341 2227 1464 2271 velut

3 2282 12 2295 '
66 2298 273 2342 expressa
304 2286 559 2330 cubantium
597 2286 788 2343 pondere
826 2288 1070 2346 sipunculis
1110 2288 1271 2345 effluit,
1308 2291 1461 2332 cavato

166 2433 212 2466 16
237 2429 302 2467 hic
328 2430 483 2477 Fpra,
512 2431 607 2474 Otto,
634 2431 781 2477 Mueu„
806 2443 875 2470 om.
896 2432 974 2469 rell.
1077 2436 1123 2469 25
1150 2431 1290 2469 litteris
1312 2433 1462 2479 Fpra,

0 2507 2 2509 .
70 2477 167 2524 Otto,
191 2478 339 2524 Muen„
364 2478 515 2516 litteras
543 2480 593 2516 M
602 2479 655 2524 D,
683 2480 734 2519 K.
