<?xml version="1.0" encoding="UTF-8"?>
<!DOCTYPE html PUBLIC "-//W3C//DTD XHTML 1.0 Transitional//EN"
    "http://www.w3.org/TR/xhtml1/DTD/xhtml1-transitional.dtd">
<html xmlns="http://www.w3.org/1999/xhtml" xml:lang="en" lang="en">
 <head>
  <title>
</title>
<meta http-equiv="Content-Type" content="text/html;charset=utf-8" />
  <meta name='ocr-system' content='tesseract 3.04.00' />
  <meta name='ocr-capabilities' content='ocr_page ocr_carea ocr_par ocr_line ocrx_word'/>
</head>
<body>
  <div class='ocr_page' id='page_1' title='image "./epistularumlibr00plin_0240.png"; bbox 0 0 1716 2742; ppageno 0'>
   <div class='ocr_carea' id='block_1_1' title="bbox 188 111 1006 161">
    <p class='ocr_par' dir='ltr' id='par_1_1' title="bbox 188 111 1006 161">
     <span class='ocr_line' id='line_1_1' title="bbox 188 111 1006 161; baseline -0.004 -10"><span class='ocrx_word' id='word_1_1' title='bbox 188 117 280 161; x_wconf 78' lang='lat'>224</span> <span class='ocrx_word' id='word_1_2' title='bbox 801 112 839 150; x_wconf 86' lang='grc'>0.</span> <span class='ocrx_word' id='word_1_3' title='bbox 868 111 1006 149; x_wconf 85' lang='lat' dir='ltr'>PLINI</span> 
     </span>
    </p>
   </div>
   <div class='ocr_carea' id='block_1_2' title="bbox 136 237 1617 299">
    <p class='ocr_par' dir='ltr' id='par_1_2' title="bbox 136 237 1617 299">
     <span class='ocr_line' id='line_1_2' title="bbox 136 237 1617 299; baseline -0.004 -11"><span class='ocrx_word' id='word_1_4' title='bbox 136 257 161 288; x_wconf 86' lang='lat'>4</span> <span class='ocrx_word' id='word_1_5' title='bbox 188 243 450 299; x_wconf 81' lang='lat' dir='ltr'><strong>reddidisse,</strong></span> <span class='ocrx_word' id='word_1_6' title='bbox 486 242 647 298; x_wconf 85' lang='lat' dir='ltr'>quibus</span> <span class='ocrx_word' id='word_1_7' title='bbox 682 243 839 284; x_wconf 88' lang='lat' dir='ltr'>auctus</span> <span class='ocrx_word' id='word_1_8' title='bbox 873 256 953 298; x_wconf 89' lang='lat' dir='ltr'>per</span> <span class='ocrx_word' id='word_1_9' title='bbox 984 240 1126 283; x_wconf 88' lang='lat' dir='ltr'>filiam</span> <span class='ocrx_word' id='word_1_10' title='bbox 1159 239 1317 283; x_wconf 90' lang='lat' dir='ltr'>fuerat.</span> <span class='ocrx_word' id='word_1_11' title='bbox 1363 238 1483 284; x_wconf 87' lang='lat' dir='ltr'>Nam</span> <span class='ocrx_word' id='word_1_12' title='bbox 1511 237 1617 283; x_wconf 82' lang='lat' dir='ltr'>Gur-</span> 
     </span>
    </p>
   </div>
   <div class='ocr_carea' id='block_1_3' title="bbox 145 1318 164 1350">
    <p class='ocr_par' dir='ltr' id='par_1_3' title="bbox 145 1318 164 1350">
     <span class='ocr_line' id='line_1_3' title="bbox 145 1318 164 1350; baseline 0 0"><span class='ocrx_word' id='word_1_13' title='bbox 145 1318 164 1350; x_wconf 82' lang='lat'><strong>7</strong></span> 
     </span>
    </p>
   </div>
   <div class='ocr_carea' id='block_1_4' title="bbox 188 301 1632 2368">
    <p class='ocr_par' dir='ltr' id='par_1_4' title="bbox 188 301 1632 2368">
     <span class='ocr_line' id='line_1_4' title="bbox 188 301 1618 362; baseline -0.002 -14"><span class='ocrx_word' id='word_1_14' title='bbox 188 305 313 350; x_wconf 87' lang='lat' dir='ltr'>tilius</span> <span class='ocrx_word' id='word_1_15' title='bbox 345 304 522 348; x_wconf 88' lang='lat' dir='ltr'>Mancia</span> <span class='ocrx_word' id='word_1_16' title='bbox 555 318 741 361; x_wconf 87' lang='lat' dir='ltr'>perosus</span> <span class='ocrx_word' id='word_1_17' title='bbox 776 318 990 362; x_wconf 84' lang='lat' dir='ltr'>generum</span> <span class='ocrx_word' id='word_1_18' title='bbox 1028 317 1159 347; x_wconf 91' lang='lat' dir='ltr'>suum</span> <span class='ocrx_word' id='word_1_19' title='bbox 1191 301 1444 346; x_wconf 90' lang='lat' dir='ltr'>Domitium</span> <span class='ocrx_word' id='word_1_20' title='bbox 1477 301 1618 345; x_wconf 89' lang='lat' dir='ltr'>Luca-</span> 
     </span>
     <span class='ocr_line' id='line_1_5' title="bbox 188 363 1617 426; baseline -0.003 -14"><span class='ocrx_word' id='word_1_21' title='bbox 188 383 297 412; x_wconf 91' lang='lat' dir='ltr'>num</span> <span class='ocrx_word' id='word_1_22' title='bbox 343 365 500 426; x_wconf 80' lang='lat' dir='ltr'>(frater</span> <span class='ocrx_word' id='word_1_23' title='bbox 539 366 576 410; x_wconf 90' lang='lat' dir='ltr'>is</span> <span class='ocrx_word' id='word_1_24' title='bbox 611 363 754 422; x_wconf 84' lang='lat' dir='ltr'>Tulli)</span> <span class='ocrx_word' id='word_1_25' title='bbox 799 366 880 410; x_wconf 88' lang='lat' dir='ltr'>sub</span> <span class='ocrx_word' id='word_1_26' title='bbox 922 381 973 409; x_wconf 92' lang='lat' dir='ltr'>ea</span> <span class='ocrx_word' id='word_1_27' title='bbox 1012 364 1276 409; x_wconf 88' lang='lat' dir='ltr'>condicione</span> <span class='ocrx_word' id='word_1_28' title='bbox 1321 365 1463 408; x_wconf 82' lang='lat' dir='ltr'>filiam</span> <span class='ocrx_word' id='word_1_29' title='bbox 1509 364 1617 420; x_wconf 88' lang='lat' dir='ltr'>eius,</span> 
     </span>
     <span class='ocr_line' id='line_1_6' title="bbox 188 426 1619 487; baseline -0.003 -13"><span class='ocrx_word' id='word_1_30' title='bbox 188 432 368 487; x_wconf 88' lang='lat' dir='ltr'>neptem</span> <span class='ocrx_word' id='word_1_31' title='bbox 396 444 542 485; x_wconf 87' lang='lat' dir='ltr'>suam,</span> <span class='ocrx_word' id='word_1_32' title='bbox 574 428 831 472; x_wconf 69' lang='lat' dir='ltr'>instituerat</span> <span class='ocrx_word' id='word_1_33' title='bbox 855 428 1081 485; x_wconf 84' lang='lat' dir='ltr'>heredem,</span> <span class='ocrx_word' id='word_1_34' title='bbox 1110 427 1148 472; x_wconf 90' lang='lat' dir='ltr'>si</span> <span class='ocrx_word' id='word_1_35' title='bbox 1174 429 1290 472; x_wconf 84' lang='lat' dir='ltr'>esset</span> <span class='ocrx_word' id='word_1_36' title='bbox 1315 442 1453 471; x_wconf 90' lang='lat' dir='ltr'>manu</span> <span class='ocrx_word' id='word_1_37' title='bbox 1477 426 1619 484; x_wconf 86' lang='lat' dir='ltr'>patris</span> 
     </span>
     <span class='ocr_line' id='line_1_7' title="bbox 189 489 1620 549; baseline -0.002 -14"><span class='ocrx_word' id='word_1_38' title='bbox 189 492 360 536; x_wconf 89' lang='lat' dir='ltr'>emissa.</span> <span class='ocrx_word' id='word_1_39' title='bbox 420 491 646 535; x_wconf 83' lang='lat' dir='ltr'>Emiserat</span> <span class='ocrx_word' id='word_1_40' title='bbox 665 493 813 548; x_wconf 89' lang='lat' dir='ltr'>pater,</span> <span class='ocrx_word' id='word_1_41' title='bbox 847 491 1141 548; x_wconf 88' lang='lat' dir='ltr'>adoptaverat</span> <span class='ocrx_word' id='word_1_42' title='bbox 1160 492 1368 548; x_wconf 91' lang='lat' dir='ltr'>patruus,</span> <span class='ocrx_word' id='word_1_43' title='bbox 1401 489 1620 549; x_wconf 26' lang='lat' dir='ltr'>atque&#39;ita</span> 
     </span>
     <span class='ocr_line' id='line_1_8' title="bbox 190 552 1620 611; baseline -0.002 -13"><span class='ocrx_word' id='word_1_44' title='bbox 190 553 528 611; x_wconf 87' lang='lat' dir='ltr'>circumscripto</span> <span class='ocrx_word' id='word_1_45' title='bbox 569 555 839 597; x_wconf 86' lang='lat' dir='ltr'>testamento</span> <span class='ocrx_word' id='word_1_46' title='bbox 880 567 1064 598; x_wconf 87' lang='lat' dir='ltr'>consors</span> <span class='ocrx_word' id='word_1_47' title='bbox 1098 552 1236 596; x_wconf 87' lang='lat' dir='ltr'>frater</span> <span class='ocrx_word' id='word_1_48' title='bbox 1274 553 1323 596; x_wconf 91' lang='lat' dir='ltr'>in</span> <span class='ocrx_word' id='word_1_49' title='bbox 1361 552 1502 610; x_wconf 86' lang='lat' dir='ltr'>patris</span> <span class='ocrx_word' id='word_1_50' title='bbox 1542 566 1620 609; x_wconf 93' lang='lat' dir='ltr'>po-</span> 
     </span>
     <span class='ocr_line' id='line_1_9' title="bbox 189 614 1620 673; baseline -0.002 -13"><span class='ocrx_word' id='word_1_51' title='bbox 189 619 396 660; x_wconf 79' lang='lat' dir='ltr'>testatem</span> <span class='ocrx_word' id='word_1_52' title='bbox 443 616 770 673; x_wconf 79' lang='lat' dir='ltr'>emancipatam</span> <span class='ocrx_word' id='word_1_53' title='bbox 816 616 958 660; x_wconf 92' lang='lat' dir='ltr'>filiam</span> <span class='ocrx_word' id='word_1_54' title='bbox 998 615 1256 673; x_wconf 89' lang='lat' dir='ltr'>adoptionis</span> <span class='ocrx_word' id='word_1_55' title='bbox 1295 614 1452 659; x_wconf 88' lang='lat' dir='ltr'>fraude</span> <span class='ocrx_word' id='word_1_56' title='bbox 1494 629 1620 658; x_wconf 88' lang='lat' dir='ltr'>revo—</span> 
     </span>
     <span class='ocr_line' id='line_1_10' title="bbox 190 675 1622 736; baseline -0.001 -14"><span class='ocrx_word' id='word_1_57' title='bbox 190 681 367 724; x_wconf 82' lang='lat' dir='ltr'>caverat</span> <span class='ocrx_word' id='word_1_58' title='bbox 399 681 443 722; x_wconf 89' lang='lat' dir='ltr'>et</span> <span class='ocrx_word' id='word_1_59' title='bbox 477 678 658 736; x_wconf 92' lang='lat' dir='ltr'>quidem</span> <span class='ocrx_word' id='word_1_60' title='bbox 692 694 794 723; x_wconf 94' lang='lat' dir='ltr'>cum</span> <span class='ocrx_word' id='word_1_61' title='bbox 829 679 990 736; x_wconf 81' lang='lat' dir='ltr'>opibus</span> <span class='ocrx_word' id='word_1_62' title='bbox 1025 678 1328 736; x_wconf 82' lang='lat' dir='ltr'>amplissimis.</span> <span class='ocrx_word' id='word_1_63' title='bbox 1374 675 1482 721; x_wconf 87' lang='lat' dir='ltr'>Fuit</span> <span class='ocrx_word' id='word_1_64' title='bbox 1514 676 1622 720; x_wconf 90' lang='lat' dir='ltr'>alio-</span> 
     </span>
     <span class='ocr_line' id='line_1_11' title="bbox 190 739 1623 799; baseline -0.002 -14"><span class='ocrx_word' id='word_1_65' title='bbox 190 742 268 799; x_wconf 90' lang='lat' dir='ltr'>qui</span> <span class='ocrx_word' id='word_1_66' title='bbox 300 741 513 786; x_wconf 86' lang='lat' dir='ltr'>fratribus</span> <span class='ocrx_word' id='word_1_67' title='bbox 548 741 638 786; x_wconf 86' lang='lat' dir='ltr'>illis</span> <span class='ocrx_word' id='word_1_68' title='bbox 674 742 802 798; x_wconf 86' lang='lat' dir='ltr'>quasi</span> <span class='ocrx_word' id='word_1_69' title='bbox 842 741 936 785; x_wconf 83' lang='lat' dir='ltr'>fato</span> <span class='ocrx_word' id='word_1_70' title='bbox 972 741 1146 798; x_wconf 88' lang='lat' dir='ltr'>datum,</span> <span class='ocrx_word' id='word_1_71' title='bbox 1183 742 1236 784; x_wconf 90' lang='lat' dir='ltr'>ut</span> <span class='ocrx_word' id='word_1_72' title='bbox 1269 740 1430 785; x_wconf 89' lang='lat' dir='ltr'>divites</span> <span class='ocrx_word' id='word_1_73' title='bbox 1464 739 1623 783; x_wconf 86' lang='lat' dir='ltr'>fierent</span> 
     </span>
     <span class='ocr_line' id='line_1_12' title="bbox 190 801 1623 861; baseline -0.001 -14"><span class='ocrx_word' id='word_1_74' title='bbox 190 804 491 861; x_wconf 79' lang='lat' dir='ltr'>invitissimis,</span> <span class='ocrx_word' id='word_1_75' title='bbox 535 820 561 848; x_wconf 94' lang='lat' dir='ltr'>a</span> <span class='ocrx_word' id='word_1_76' title='bbox 605 804 768 861; x_wconf 89' lang='lat' dir='ltr'>quibus</span> <span class='ocrx_word' id='word_1_77' title='bbox 811 804 920 848; x_wconf 87' lang='lat' dir='ltr'>facti</span> <span class='ocrx_word' id='word_1_78' title='bbox 964 806 1079 848; x_wconf 90' lang='lat' dir='ltr'>sunt.</span> <span class='ocrx_word' id='word_1_79' title='bbox 1146 802 1267 856; x_wconf 83' lang='lat' dir='ltr'>Quin</span> <span class='ocrx_word' id='word_1_80' title='bbox 1299 803 1435 847; x_wconf 87' lang='lat' dir='ltr'>etiam</span> <span class='ocrx_word' id='word_1_81' title='bbox 1467 801 1623 846; x_wconf 91' lang='lat' dir='ltr'>Domi-</span> 
     </span>
     <span class='ocr_line' id='line_1_13' title="bbox 188 865 1624 924; baseline -0.001 -14"><span class='ocrx_word' id='word_1_82' title='bbox 188 868 279 911; x_wconf 90' lang='lat' dir='ltr'>tius</span> <span class='ocrx_word' id='word_1_83' title='bbox 313 865 442 924; x_wconf 83' lang='lat' dir='ltr'>Afer,</span> <span class='ocrx_word' id='word_1_84' title='bbox 487 867 564 924; x_wconf 91' lang='lat' dir='ltr'>qui</span> <span class='ocrx_word' id='word_1_85' title='bbox 598 867 702 911; x_wconf 88' lang='lat' dir='ltr'>illos</span> <span class='ocrx_word' id='word_1_86' title='bbox 736 867 783 910; x_wconf 88' lang='lat' dir='ltr'>in</span> <span class='ocrx_word' id='word_1_87' title='bbox 822 882 989 911; x_wconf 91' lang='lat' dir='ltr'>nomen</span> <span class='ocrx_word' id='word_1_88' title='bbox 1031 865 1317 923; x_wconf 75' lang='lat' dir='ltr'>adsumpsit,</span> <span class='ocrx_word' id='word_1_89' title='bbox 1344 865 1528 922; x_wconf 87' lang='lat' dir='ltr'>reliquit</span> <span class='ocrx_word' id='word_1_90' title='bbox 1560 866 1624 908; x_wconf 90' lang='lat' dir='ltr'>te-</span> 
     </span>
     <span class='ocr_line' id='line_1_14' title="bbox 191 929 1624 985; baseline -0.002 -12"><span class='ocrx_word' id='word_1_91' title='bbox 191 931 462 973; x_wconf 85' lang='lat' dir='ltr'>stamentum</span> <span class='ocrx_word' id='word_1_92' title='bbox 515 931 618 973; x_wconf 90' lang='lat' dir='ltr'>ante</span> <span class='ocrx_word' id='word_1_93' title='bbox 671 929 824 974; x_wconf 88' lang='lat' dir='ltr'>decem</span> <span class='ocrx_word' id='word_1_94' title='bbox 877 932 921 973; x_wconf 87' lang='lat' dir='ltr'>et</span> <span class='ocrx_word' id='word_1_95' title='bbox 967 931 1069 974; x_wconf 91' lang='lat' dir='ltr'>octo</span> <span class='ocrx_word' id='word_1_96' title='bbox 1121 943 1261 973; x_wconf 90' lang='lat' dir='ltr'>annos</span> <span class='ocrx_word' id='word_1_97' title='bbox 1314 929 1624 985; x_wconf 89' lang='lat' dir='ltr'>nuncupatum</span> 
     </span>
     <span class='ocr_line' id='line_1_15' title="bbox 191 990 1625 1050; baseline -0.002 -14"><span class='ocrx_word' id='word_1_98' title='bbox 191 993 390 1050; x_wconf 90' lang='lat' dir='ltr'>adeoque</span> <span class='ocrx_word' id='word_1_99' title='bbox 441 995 599 1050; x_wconf 86' lang='lat' dir='ltr'>postea</span> <span class='ocrx_word' id='word_1_100' title='bbox 649 992 954 1050; x_wconf 89' lang='lat' dir='ltr'>improbatum</span> <span class='ocrx_word' id='word_1_101' title='bbox 1008 992 1116 1048; x_wconf 89' lang='lat' dir='ltr'>sibi,</span> <span class='ocrx_word' id='word_1_102' title='bbox 1167 993 1218 1035; x_wconf 92' lang='lat' dir='ltr'>ut</span> <span class='ocrx_word' id='word_1_103' title='bbox 1275 990 1417 1049; x_wconf 86' lang='lat' dir='ltr'>patris</span> <span class='ocrx_word' id='word_1_104' title='bbox 1469 1004 1625 1034; x_wconf 88' lang='lat' dir='ltr'>eorum</span> 
     </span>
     <span class='ocr_line' id='line_1_16' title="bbox 191 1052 1626 1112; baseline -0.003 -13"><span class='ocrx_word' id='word_1_105' title='bbox 191 1055 310 1098; x_wconf 90' lang='lat' dir='ltr'>bona</span> <span class='ocrx_word' id='word_1_106' title='bbox 330 1055 649 1112; x_wconf 84' lang='lat' dir='ltr'>proscribenda</span> <span class='ocrx_word' id='word_1_107' title='bbox 669 1055 902 1099; x_wconf 80' lang='lat' dir='ltr'>curaverit</span> <span class='ocrx_word' id='word_1_108' title='bbox 962 1054 1077 1098; x_wconf 89' lang='lat' dir='ltr'>Mira</span> <span class='ocrx_word' id='word_1_109' title='bbox 1098 1054 1220 1098; x_wconf 85' lang='lat' dir='ltr'>illius</span> <span class='ocrx_word' id='word_1_110' title='bbox 1242 1053 1477 1111; x_wconf 88' lang='lat' dir='ltr'>asperitas,</span> <span class='ocrx_word' id='word_1_111' title='bbox 1511 1052 1626 1096; x_wconf 88' lang='lat' dir='ltr'>mira</span> 
     </span>
     <span class='ocr_line' id='line_1_17' title="bbox 192 1115 1624 1176; baseline -0.002 -15"><span class='ocrx_word' id='word_1_112' title='bbox 192 1117 382 1162; x_wconf 82' lang='lat' dir='ltr'>felicitas</span> <span class='ocrx_word' id='word_1_113' title='bbox 429 1117 610 1162; x_wconf 91' lang='lat' dir='ltr'>horum:</span> <span class='ocrx_word' id='word_1_114' title='bbox 653 1118 776 1163; x_wconf 81' lang='lat' dir='ltr'>illius</span> <span class='ocrx_word' id='word_1_115' title='bbox 823 1118 1058 1176; x_wconf 85' lang='lat' dir='ltr'>asperitas,</span> <span class='ocrx_word' id='word_1_116' title='bbox 1103 1117 1181 1174; x_wconf 91' lang='lat' dir='ltr'>qui</span> <span class='ocrx_word' id='word_1_117' title='bbox 1222 1131 1410 1160; x_wconf 87' lang='lat' dir='ltr'>numero</span> <span class='ocrx_word' id='word_1_118' title='bbox 1457 1115 1624 1160; x_wconf 86' lang='lat' dir='ltr'>civium</span> 
     </span>
     <span class='ocr_line' id='line_1_18' title="bbox 192 1177 1624 1238; baseline -0.003 -14"><span class='ocrx_word' id='word_1_119' title='bbox 192 1180 375 1238; x_wconf 84' lang='lat' dir='ltr'>excidit,</span> <span class='ocrx_word' id='word_1_120' title='bbox 411 1196 544 1237; x_wconf 89' lang='lat' dir='ltr'>quem</span> <span class='ocrx_word' id='word_1_121' title='bbox 578 1181 750 1225; x_wconf 89' lang='lat' dir='ltr'>socium</span> <span class='ocrx_word' id='word_1_122' title='bbox 785 1181 921 1224; x_wconf 89' lang='lat' dir='ltr'>etiam</span> <span class='ocrx_word' id='word_1_123' title='bbox 955 1181 1003 1224; x_wconf 93' lang='lat' dir='ltr'>in</span> <span class='ocrx_word' id='word_1_124' title='bbox 1034 1180 1188 1224; x_wconf 88' lang='lat' dir='ltr'>liberis</span> <span class='ocrx_word' id='word_1_125' title='bbox 1221 1179 1401 1236; x_wconf 86' lang='lat' dir='ltr'>habuit,</span> <span class='ocrx_word' id='word_1_126' title='bbox 1433 1177 1624 1222; x_wconf 83' lang='lat' dir='ltr'>felicitas</span> 
     </span>
     <span class='ocr_line' id='line_1_19' title="bbox 192 1240 1626 1301; baseline -0.002 -14"><span class='ocrx_word' id='word_1_127' title='bbox 192 1244 374 1300; x_wconf 88' lang='lat' dir='ltr'>horum,</span> <span class='ocrx_word' id='word_1_128' title='bbox 396 1244 558 1301; x_wconf 87' lang='lat' dir='ltr'>quibus</span> <span class='ocrx_word' id='word_1_129' title='bbox 581 1243 828 1288; x_wconf 88' lang='lat' dir='ltr'>successit</span> <span class='ocrx_word' id='word_1_130' title='bbox 816 1259 865 1286; x_wconf 96' lang='grc'>111</span> <span class='ocrx_word' id='word_1_131' title='bbox 883 1243 1036 1287; x_wconf 83' lang='grc'>10011111</span> <span class='ocrx_word' id='word_1_132' title='bbox 1057 1242 1218 1300; x_wconf 87' lang='lat' dir='ltr'>patris,</span> <span class='ocrx_word' id='word_1_133' title='bbox 1241 1242 1320 1299; x_wconf 91' lang='lat' dir='ltr'>qui</span> <span class='ocrx_word' id='word_1_134' title='bbox 1331 1243 1508 1299; x_wconf 87' lang='lat' dir='ltr'>patrem</span> <span class='ocrx_word' id='word_1_135' title='bbox 1529 1240 1626 1284; x_wconf 90' lang='lat' dir='ltr'>abs-</span> 
     </span>
     <span class='ocr_line' id='line_1_20' title="bbox 193 1303 1627 1364; baseline -0.002 -15"><span class='ocrx_word' id='word_1_136' title='bbox 193 1306 367 1350; x_wconf 90' lang='lat' dir='ltr'>tulerat.</span> <span class='ocrx_word' id='word_1_137' title='bbox 429 1304 516 1350; x_wconf 85' lang='lat' dir='ltr'>Sed</span> <span class='ocrx_word' id='word_1_138' title='bbox 544 1306 656 1351; x_wconf 90' lang='lat' dir='ltr'>haec</span> <span class='ocrx_word' id='word_1_139' title='bbox 686 1321 865 1364; x_wconf 89' lang='lat' dir='ltr'>quoque</span> <span class='ocrx_word' id='word_1_140' title='bbox 894 1305 1117 1350; x_wconf 87' lang='lat' dir='ltr'>hereditas</span> <span class='ocrx_word' id='word_1_141' title='bbox 1138 1303 1241 1348; x_wconf 86' lang='lat' dir='ltr'>Afri</span> <span class='ocrx_word' id='word_1_142' title='bbox 1260 1307 1311 1348; x_wconf 90' lang='lat' dir='ltr'>ut</span> <span class='ocrx_word' id='word_1_143' title='bbox 1330 1304 1504 1361; x_wconf 86' lang='lat' dir='ltr'>reliqua</span> <span class='ocrx_word' id='word_1_144' title='bbox 1524 1318 1627 1347; x_wconf 92' lang='lat' dir='ltr'>cum</span> 
     </span>
     <span class='ocr_line' id='line_1_21' title="bbox 192 1366 1626 1426; baseline -0.002 -14"><span class='ocrx_word' id='word_1_145' title='bbox 192 1368 330 1412; x_wconf 87' lang='lat' dir='ltr'>fratre</span> <span class='ocrx_word' id='word_1_146' title='bbox 364 1369 566 1426; x_wconf 90' lang='lat' dir='ltr'>quaesita</span> <span class='ocrx_word' id='word_1_147' title='bbox 596 1368 943 1413; x_wconf 82' lang='lat' dir='ltr'>transmittenda</span> <span class='ocrx_word' id='word_1_148' title='bbox 975 1371 1103 1412; x_wconf 89' lang='lat' dir='ltr'>erant</span> <span class='ocrx_word' id='word_1_149' title='bbox 1128 1367 1247 1411; x_wconf 90' lang='lat' dir='ltr'>filiae</span> <span class='ocrx_word' id='word_1_150' title='bbox 1273 1366 1444 1424; x_wconf 84' lang='lat' dir='ltr'>fratris,</span> <span class='ocrx_word' id='word_1_151' title='bbox 1478 1382 1504 1410; x_wconf 85' lang='lat' dir='ltr'>a</span> <span class='ocrx_word' id='word_1_152' title='bbox 1537 1381 1626 1423; x_wconf 91' lang='lat' dir='ltr'>quo</span> 
     </span>
     <span class='ocr_line' id='line_1_22' title="bbox 195 1428 1629 1489; baseline -0.002 -15"><span class='ocrx_word' id='word_1_153' title='bbox 195 1431 351 1475; x_wconf 85' lang='lat' dir='ltr'>Tullus</span> <span class='ocrx_word' id='word_1_154' title='bbox 373 1447 428 1475; x_wconf 83' lang='lat' dir='ltr'>ex</span> <span class='ocrx_word' id='word_1_155' title='bbox 454 1446 550 1476; x_wconf 86' lang='lat' dir='ltr'>asse</span> <span class='ocrx_word' id='word_1_156' title='bbox 571 1431 699 1475; x_wconf 87' lang='lat' dir='ltr'>heres</span> <span class='ocrx_word' id='word_1_157' title='bbox 725 1430 960 1476; x_wconf 84' lang='lat' dir='ltr'>institutus</span> <span class='ocrx_word' id='word_1_158' title='bbox 981 1431 1297 1489; x_wconf 86' lang='lat' dir='ltr'>praelatusque</span> <span class='ocrx_word' id='word_1_159' title='bbox 1322 1429 1442 1488; x_wconf 79' lang='lat' dir='ltr'>filiae</span> <span class='ocrx_word' id='word_1_160' title='bbox 1469 1428 1629 1485; x_wconf 84' lang='lat' dir='ltr'>fuerat,</span> 
     </span>
     <span class='ocr_line' id='line_1_23' title="bbox 194 1493 1627 1550; baseline -0.001 -14"><span class='ocrx_word' id='word_1_161' title='bbox 194 1496 245 1537; x_wconf 92' lang='lat' dir='ltr'>ut</span> <span class='ocrx_word' id='word_1_162' title='bbox 298 1494 621 1538; x_wconf 88' lang='lat' dir='ltr'>conciliaretur.</span> <span class='ocrx_word' id='word_1_163' title='bbox 695 1493 793 1547; x_wconf 83' lang='lat' dir='ltr'>Quo</span> <span class='ocrx_word' id='word_1_164' title='bbox 845 1494 1118 1538; x_wconf 89' lang='lat' dir='ltr'>laudabilius</span> <span class='ocrx_word' id='word_1_165' title='bbox 1170 1494 1491 1550; x_wconf 81' lang='lat' dir='ltr'>testamentum</span> <span class='ocrx_word' id='word_1_166' title='bbox 1548 1493 1627 1547; x_wconf 85' lang='lat' dir='ltr'>est,</span> 
     </span>
     <span class='ocr_line' id='line_1_24' title="bbox 197 1554 1628 1616; baseline -0.002 -16"><span class='ocrx_word' id='word_1_167' title='bbox 197 1556 316 1613; x_wconf 93' lang='lat' dir='ltr'>quod</span> <span class='ocrx_word' id='word_1_168' title='bbox 349 1557 512 1614; x_wconf 87' lang='lat' dir='ltr'>pietas,</span> <span class='ocrx_word' id='word_1_169' title='bbox 546 1557 675 1616; x_wconf 88' lang='lat' dir='ltr'>fides,</span> <span class='ocrx_word' id='word_1_170' title='bbox 709 1556 856 1614; x_wconf 88' lang='lat' dir='ltr'>pudor</span> <span class='ocrx_word' id='word_1_171' title='bbox 883 1557 1081 1615; x_wconf 86' lang='lat' dir='ltr'>scripsit,</span> <span class='ocrx_word' id='word_1_172' title='bbox 1115 1556 1162 1600; x_wconf 90' lang='lat' dir='ltr'>in</span> <span class='ocrx_word' id='word_1_173' title='bbox 1190 1571 1280 1613; x_wconf 94' lang='lat' dir='ltr'>quo</span> <span class='ocrx_word' id='word_1_174' title='bbox 1308 1554 1501 1611; x_wconf 89' lang='lat' dir='ltr'>denique</span> <span class='ocrx_word' id='word_1_175' title='bbox 1535 1568 1628 1598; x_wconf 90' lang='lat' dir='ltr'>om-</span> 
     </span>
     <span class='ocr_line' id='line_1_25' title="bbox 196 1617 1628 1678; baseline -0.001 -16"><span class='ocrx_word' id='word_1_176' title='bbox 196 1619 329 1663; x_wconf 87' lang='lat' dir='ltr'>nibus</span> <span class='ocrx_word' id='word_1_177' title='bbox 363 1619 668 1664; x_wconf 88' lang='lat' dir='ltr'>adfinitatibus</span> <span class='ocrx_word' id='word_1_178' title='bbox 715 1635 798 1678; x_wconf 90' lang='lat' dir='ltr'>pro</span> <span class='ocrx_word' id='word_1_179' title='bbox 846 1620 1063 1677; x_wconf 88' lang='lat' dir='ltr'>cuiusque</span> <span class='ocrx_word' id='word_1_180' title='bbox 1110 1618 1262 1662; x_wconf 85' lang='lat' dir='ltr'>officio</span> <span class='ocrx_word' id='word_1_181' title='bbox 1302 1618 1449 1677; x_wconf 86' lang='lat' dir='ltr'>gratia</span> <span class='ocrx_word' id='word_1_182' title='bbox 1487 1617 1628 1660; x_wconf 88' lang='lat' dir='ltr'>relata</span> 
     </span>
     <span class='ocr_line' id='line_1_26' title="bbox 198 1680 1628 1740; baseline -0.001 -15"><span class='ocrx_word' id='word_1_183' title='bbox 198 1684 286 1739; x_wconf 87' lang='lat' dir='ltr'>est,</span> <span class='ocrx_word' id='word_1_184' title='bbox 319 1682 460 1725; x_wconf 88' lang='lat' dir='ltr'>relata</span> <span class='ocrx_word' id='word_1_185' title='bbox 493 1684 537 1726; x_wconf 88' lang='lat' dir='ltr'>et</span> <span class='ocrx_word' id='word_1_186' title='bbox 569 1683 712 1726; x_wconf 86' lang='lat' dir='ltr'>uxori.</span> <span class='ocrx_word' id='word_1_187' title='bbox 778 1681 968 1740; x_wconf 90' lang='lat' dir='ltr'>Accepit</span> <span class='ocrx_word' id='word_1_188' title='bbox 1001 1681 1340 1726; x_wconf 87' lang='lat' dir='ltr'>amoenissimas</span> <span class='ocrx_word' id='word_1_189' title='bbox 1373 1680 1526 1736; x_wconf 86' lang='lat' dir='ltr'>villas,</span> <span class='ocrx_word' id='word_1_190' title='bbox 1559 1694 1628 1723; x_wconf 90' lang='lat' dir='ltr'>ac—</span> 
     </span>
     <span class='ocr_line' id='line_1_27' title="bbox 199 1742 1629 1803; baseline -0.002 -15"><span class='ocrx_word' id='word_1_191' title='bbox 199 1744 319 1801; x_wconf 91' lang='lat' dir='ltr'>cepit</span> <span class='ocrx_word' id='word_1_192' title='bbox 350 1760 560 1803; x_wconf 86' lang='lat' dir='ltr'>magnam</span> <span class='ocrx_word' id='word_1_193' title='bbox 592 1746 830 1803; x_wconf 86' lang='lat' dir='ltr'>pecuniam</span> <span class='ocrx_word' id='word_1_194' title='bbox 862 1760 978 1789; x_wconf 84' lang='lat' dir='ltr'>uxor</span> <span class='ocrx_word' id='word_1_195' title='bbox 1011 1744 1184 1803; x_wconf 89' lang='lat' dir='ltr'>optima</span> <span class='ocrx_word' id='word_1_196' title='bbox 1223 1746 1268 1788; x_wconf 91' lang='lat' dir='ltr'>et</span> <span class='ocrx_word' id='word_1_197' title='bbox 1300 1742 1629 1801; x_wconf 85' lang='lat' dir='ltr'>patientissima</span> 
     </span>
     <span class='ocr_line' id='line_1_28' title="bbox 199 1805 1629 1866; baseline -0.001 -16"><span class='ocrx_word' id='word_1_198' title='bbox 199 1822 250 1851; x_wconf 89' lang='lat' dir='ltr'>ac</span> <span class='ocrx_word' id='word_1_199' title='bbox 282 1808 409 1851; x_wconf 83' lang='lat' dir='ltr'>tanto</span> <span class='ocrx_word' id='word_1_200' title='bbox 443 1808 602 1852; x_wconf 88' lang='lat' dir='ltr'>melius</span> <span class='ocrx_word' id='word_1_201' title='bbox 637 1808 690 1852; x_wconf 87' lang='lat' dir='ltr'>de</span> <span class='ocrx_word' id='word_1_202' title='bbox 723 1808 820 1852; x_wconf 87' lang='lat' dir='ltr'>viro</span> <span class='ocrx_word' id='word_1_203' title='bbox 855 1808 1032 1866; x_wconf 90' lang='lat' dir='ltr'>merita,</span> <span class='ocrx_word' id='word_1_204' title='bbox 1077 1809 1246 1865; x_wconf 88' lang='lat' dir='ltr'>quanto</span> <span class='ocrx_word' id='word_1_205' title='bbox 1286 1805 1431 1864; x_wconf 88' lang='lat' dir='ltr'>magis</span> <span class='ocrx_word' id='word_1_206' title='bbox 1465 1806 1532 1850; x_wconf 84' lang='lat' dir='ltr'>est</span> <span class='ocrx_word' id='word_1_207' title='bbox 1564 1820 1629 1848; x_wconf 85' lang='lat' dir='ltr'>re-</span> 
     </span>
     <span class='ocr_line' id='line_1_29' title="bbox 198 1867 1630 1928; baseline -0.002 -15"><span class='ocrx_word' id='word_1_208' title='bbox 198 1869 439 1927; x_wconf 89' lang='lat' dir='ltr'>prehensa,</span> <span class='ocrx_word' id='word_1_209' title='bbox 482 1870 601 1927; x_wconf 88' lang='lat' dir='ltr'>quod</span> <span class='ocrx_word' id='word_1_210' title='bbox 642 1871 808 1928; x_wconf 88' lang='lat' dir='ltr'>nupsit.</span> <span class='ocrx_word' id='word_1_211' title='bbox 874 1869 994 1915; x_wconf 89' lang='lat' dir='ltr'>Nam</span> <span class='ocrx_word' id='word_1_212' title='bbox 1033 1870 1196 1914; x_wconf 86' lang='lat' dir='ltr'>mulier</span> <span class='ocrx_word' id='word_1_213' title='bbox 1238 1868 1462 1913; x_wconf 87' lang='lat' dir='ltr'>natalibus</span> <span class='ocrx_word' id='word_1_214' title='bbox 1497 1867 1630 1923; x_wconf 92' lang='lat' dir='ltr'>clara,</span> 
     </span>
     <span class='ocr_line' id='line_1_30' title="bbox 200 1930 1630 1991; baseline -0.001 -16"><span class='ocrx_word' id='word_1_215' title='bbox 200 1932 399 1976; x_wconf 90' lang='lat' dir='ltr'>moribus</span> <span class='ocrx_word' id='word_1_216' title='bbox 427 1933 586 1990; x_wconf 88' lang='lat' dir='ltr'>proba,</span> <span class='ocrx_word' id='word_1_217' title='bbox 621 1936 763 1977; x_wconf 89' lang='lat' dir='ltr'>aetate</span> <span class='ocrx_word' id='word_1_218' title='bbox 795 1933 1000 1991; x_wconf 90' lang='lat' dir='ltr'>declivis,</span> <span class='ocrx_word' id='word_1_219' title='bbox 1033 1933 1111 1976; x_wconf 93' lang='lat' dir='ltr'>diu</span> <span class='ocrx_word' id='word_1_220' title='bbox 1143 1931 1297 1989; x_wconf 89' lang='lat' dir='ltr'>vidua,</span> <span class='ocrx_word' id='word_1_221' title='bbox 1331 1933 1475 1975; x_wconf 88' lang='lat' dir='ltr'>mater</span> <span class='ocrx_word' id='word_1_222' title='bbox 1507 1930 1630 1986; x_wconf 91' lang='lat' dir='ltr'>olim,</span> 
     </span>
     <span class='ocr_line' id='line_1_31' title="bbox 200 1992 1629 2051; baseline -0.001 -13"><span class='ocrx_word' id='word_1_223' title='bbox 200 2010 359 2051; x_wconf 89' lang='lat' dir='ltr'>parum</span> <span class='ocrx_word' id='word_1_224' title='bbox 404 1994 561 2039; x_wconf 90' lang='lat' dir='ltr'>decore</span> <span class='ocrx_word' id='word_1_225' title='bbox 605 1999 757 2040; x_wconf 85' lang='lat' dir='ltr'>secuta</span> <span class='ocrx_word' id='word_1_226' title='bbox 809 1996 1147 2040; x_wconf 82' lang='lat' dir='ltr'>matrimonium</span> <span class='ocrx_word' id='word_1_227' title='bbox 1198 1994 1435 2039; x_wconf 87' lang='lat' dir='ltr'>videbatur</span> <span class='ocrx_word' id='word_1_228' title='bbox 1477 1992 1629 2037; x_wconf 86' lang='lat' dir='ltr'>divitis</span> 
     </span>
     <span class='ocr_line' id='line_1_32' title="bbox 201 2055 1630 2128; baseline -0.002 -27"><span class='ocrx_word' id='word_1_229' title='bbox 201 2057 319 2102; x_wconf 88' lang='lat' dir='ltr'>senis</span> <span class='ocrx_word' id='word_1_230' title='bbox 358 2057 422 2100; x_wconf 90' lang='lat' dir='ltr'>ita</span> <span class='ocrx_word' id='word_1_231' title='bbox 463 2057 627 2128; x_wconf 80' lang='lat' dir='ltr'>perditi</span> <span class='ocrx_word' id='word_1_232' title='bbox 666 2059 844 2116; x_wconf 90' lang='lat' dir='ltr'>morbo,</span> <span class='ocrx_word' id='word_1_233' title='bbox 887 2061 940 2102; x_wconf 91' lang='lat' dir='ltr'>ut</span> <span class='ocrx_word' id='word_1_234' title='bbox 979 2074 1074 2103; x_wconf 87' lang='lat' dir='ltr'>esse</span> <span class='ocrx_word' id='word_1_235' title='bbox 1113 2057 1261 2102; x_wconf 90' lang='lat' dir='ltr'>taedio</span> <span class='ocrx_word' id='word_1_236' title='bbox 1301 2058 1455 2114; x_wconf 86' lang='lat' dir='ltr'>posset</span> <span class='ocrx_word' id='word_1_237' title='bbox 1487 2055 1630 2112; x_wconf 85' lang='lat' dir='ltr'>uxori,</span> 
     </span>
     <span class='ocr_line' id='line_1_33' title="bbox 201 2119 1630 2178; baseline -0.001 -16"><span class='ocrx_word' id='word_1_238' title='bbox 201 2135 336 2177; x_wconf 91' lang='lat' dir='ltr'>quam</span> <span class='ocrx_word' id='word_1_239' title='bbox 357 2120 531 2164; x_wconf 85' lang='lat' dir='ltr'>iuvenis</span> <span class='ocrx_word' id='word_1_240' title='bbox 560 2136 783 2178; x_wconf 88' lang='lat' dir='ltr'>sanusque</span> <span class='ocrx_word' id='word_1_241' title='bbox 804 2121 1015 2166; x_wconf 85' lang='lat' dir='ltr'>duxisset</span> <span class='ocrx_word' id='word_1_242' title='bbox 1063 2119 1240 2178; x_wconf 85' lang='lat' dir='ltr'>Quippe</span> <span class='ocrx_word' id='word_1_243' title='bbox 1262 2119 1472 2164; x_wconf 88' lang='lat' dir='ltr'>omnibus</span> <span class='ocrx_word' id='word_1_244' title='bbox 1494 2132 1630 2162; x_wconf 90' lang='lat' dir='ltr'>mem-</span> 
     </span>
     <span class='ocr_line' id='line_1_34' title="bbox 200 2180 1631 2242; baseline -0.002 -16"><span class='ocrx_word' id='word_1_245' title='bbox 200 2182 292 2227; x_wconf 91' lang='lat' dir='ltr'>bris</span> <span class='ocrx_word' id='word_1_246' title='bbox 326 2184 527 2226; x_wconf 86' lang='lat' dir='ltr'>extortus</span> <span class='ocrx_word' id='word_1_247' title='bbox 561 2185 606 2226; x_wconf 91' lang='lat' dir='ltr'>et</span> <span class='ocrx_word' id='word_1_248' title='bbox 637 2183 805 2227; x_wconf 83' lang='lat' dir='ltr'>fractus</span> <span class='ocrx_word' id='word_1_249' title='bbox 839 2187 986 2229; x_wconf 87' lang='lat' dir='ltr'>tantas</span> <span class='ocrx_word' id='word_1_250' title='bbox 1016 2199 1123 2242; x_wconf 89' lang='lat' dir='ltr'>opes</span> <span class='ocrx_word' id='word_1_251' title='bbox 1158 2183 1266 2228; x_wconf 90' lang='lat' dir='ltr'>solis</span> <span class='ocrx_word' id='word_1_252' title='bbox 1301 2181 1442 2226; x_wconf 85' lang='lat' dir='ltr'>oculis</span> <span class='ocrx_word' id='word_1_253' title='bbox 1477 2180 1631 2224; x_wconf 89' lang='lat' dir='ltr'>obibat</span> 
     </span>
     <span class='ocr_line' id='line_1_35' title="bbox 203 2241 1632 2303; baseline -0.002 -15"><span class='ocrx_word' id='word_1_254' title='bbox 203 2260 254 2289; x_wconf 90' lang='lat' dir='ltr'>ac</span> <span class='ocrx_word' id='word_1_255' title='bbox 285 2260 342 2288; x_wconf 89' lang='lat' dir='ltr'>ne</span> <span class='ocrx_word' id='word_1_256' title='bbox 375 2245 423 2287; x_wconf 90' lang='lat' dir='ltr'>in</span> <span class='ocrx_word' id='word_1_257' title='bbox 453 2245 620 2289; x_wconf 85' lang='lat' dir='ltr'>lectulo</span> <span class='ocrx_word' id='word_1_258' title='bbox 649 2246 829 2303; x_wconf 89' lang='lat' dir='ltr'>quidem</span> <span class='ocrx_word' id='word_1_259' title='bbox 863 2247 950 2291; x_wconf 88' lang='lat' dir='ltr'>nisi</span> <span class='ocrx_word' id='word_1_260' title='bbox 978 2247 1032 2291; x_wconf 90' lang='lat' dir='ltr'>ab</span> <span class='ocrx_word' id='word_1_261' title='bbox 1061 2246 1160 2291; x_wconf 90' lang='lat' dir='ltr'>aliis</span> <span class='ocrx_word' id='word_1_262' title='bbox 1189 2244 1463 2290; x_wconf 84' lang='lat' dir='ltr'>movebatur.</span> <span class='ocrx_word' id='word_1_263' title='bbox 1512 2241 1632 2295; x_wconf 82' lang='lat' dir='ltr'>Quin</span> 
     </span>
     <span class='ocr_line' id='line_1_36' title="bbox 202 2304 1631 2368; baseline -0.002 -17"><span class='ocrx_word' id='word_1_264' title='bbox 202 2307 337 2351; x_wconf 86' lang='lat' dir='ltr'>etiam</span> <span class='ocrx_word' id='word_1_265' title='bbox 370 2304 572 2366; x_wconf 83' lang='lat' dir='ltr'>(foedum</span> <span class='ocrx_word' id='word_1_266' title='bbox 614 2309 1004 2367; x_wconf 85' lang='lat' dir='ltr'>miserandumque</span> <span class='ocrx_word' id='word_1_267' title='bbox 1045 2306 1188 2368; x_wconf 87' lang='lat' dir='ltr'>dictu)</span> <span class='ocrx_word' id='word_1_268' title='bbox 1229 2308 1382 2352; x_wconf 84' lang='lat' dir='ltr'>dentes</span> <span class='ocrx_word' id='word_1_269' title='bbox 1414 2305 1631 2350; x_wconf 84' lang='lat' dir='ltr'>lavandos</span> 
     </span>
    </p>
   </div>
   <div class='ocr_carea' id='block_1_5' title="bbox 282 2385 503 2388">
    <p class='ocr_par' dir='ltr' id='par_1_5' title="bbox 282 2385 503 2388">
     <span class='ocr_line' id='line_1_37' title="bbox 282 2385 503 2388; baseline 0 0"><span class='ocrx_word' id='word_1_270' title='bbox 282 2385 503 2388; x_wconf 95' lang='lat' dir='ltr'> </span> 
     </span>
    </p>
   </div>
   <div class='ocr_carea' id='block_1_6' title="bbox 201 2440 1631 2531">
    <p class='ocr_par' dir='ltr' id='par_1_6' title="bbox 201 2440 1631 2531">
     <span class='ocr_line' id='line_1_38' title="bbox 304 2440 1631 2492; baseline -0.002 -12"><span class='ocrx_word' id='word_1_271' title='bbox 304 2447 325 2480; x_wconf 86' lang='grc'><strong>6</strong></span> <span class='ocrx_word' id='word_1_272' title='bbox 352 2443 477 2491; x_wconf 83' lang='lat' dir='ltr'>patris</span> <span class='ocrx_word' id='word_1_273' title='bbox 498 2455 534 2489; x_wconf 86' lang='lat' dir='ltr'>a,</span> <span class='ocrx_word' id='word_1_274' title='bbox 555 2444 707 2489; x_wconf 62' lang='lat' dir='ltr'><em>Muell„</em></span> <span class='ocrx_word' id='word_1_275' title='bbox 727 2443 860 2481; x_wconf 85' lang='lat' dir='ltr'>fratris</span> <span class='ocrx_word' id='word_1_276' title='bbox 883 2445 943 2490; x_wconf 87' lang='lat' dir='ltr'>M,</span> <span class='ocrx_word' id='word_1_277' title='bbox 960 2445 1011 2481; x_wconf 87' lang='lat' dir='ltr'>K.</span> <span class='ocrx_word' id='word_1_278' title='bbox 1117 2447 1163 2480; x_wconf 93' lang='grc'>10</span> <span class='ocrx_word' id='word_1_279' title='bbox 1183 2443 1293 2480; x_wconf 83' lang='lat' dir='ltr'>invit.</span> <span class='ocrx_word' id='word_1_280' title='bbox 1317 2441 1427 2492; x_wconf 79' lang='lat' dir='ltr'>(iis)</span> <span class='ocrx_word' id='word_1_281' title='bbox 1449 2454 1471 2477; x_wconf 84' lang='lat' dir='ltr'>a</span> <span class='ocrx_word' id='word_1_282' title='bbox 1494 2440 1631 2478; x_wconf 78' lang='lat' dir='ltr'>Muell.</span> 
     </span>
     <span class='ocr_line' id='line_1_39' title="bbox 201 2493 659 2531; baseline 0.002 -1"><span class='ocrx_word' id='word_1_283' title='bbox 201 2498 250 2530; x_wconf 84' lang='lat'>12</span> <span class='ocrx_word' id='word_1_284' title='bbox 279 2494 367 2530; x_wconf 86' lang='lat' dir='ltr'>octo</span> <span class='ocrx_word' id='word_1_285' title='bbox 395 2495 435 2530; x_wconf 93' lang='lat' dir='ltr'>et</span> <span class='ocrx_word' id='word_1_286' title='bbox 462 2493 597 2530; x_wconf 90' lang='lat' dir='ltr'>decem</span> <span class='ocrx_word' id='word_1_287' title='bbox 624 2506 659 2531; x_wconf 87' lang='grc' dir='ltr'>α,</span> 
     </span>
    </p>
   </div>
   <div class='ocr_carea' id='block_1_7' title="bbox 1649 496 1664 523">
    <p class='ocr_par' dir='ltr' id='par_1_7' title="bbox 1649 496 1664 523">
     <span class='ocr_line' id='line_1_40' title="bbox 1649 496 1664 523; baseline 0 0"><span class='ocrx_word' id='word_1_288' title='bbox 1649 496 1664 523; x_wconf 88' lang='lat'><strong>5</strong></span> 
     </span>
    </p>
   </div>
   <div class='ocr_carea' id='block_1_8' title="bbox 1651 809 1686 835">
    <p class='ocr_par' dir='ltr' id='par_1_8' title="bbox 1651 809 1686 835">
     <span class='ocr_line' id='line_1_41' title="bbox 1651 809 1686 835; baseline 0.029 -1"><span class='ocrx_word' id='word_1_289' title='bbox 1651 809 1686 835; x_wconf 92' lang='lat'>10</span> 
     </span>
    </p>
   </div>
   <div class='ocr_carea' id='block_1_9' title="bbox 1653 1127 1688 1154">
    <p class='ocr_par' dir='ltr' id='par_1_9' title="bbox 1653 1127 1688 1154">
     <span class='ocr_line' id='line_1_42' title="bbox 1653 1127 1688 1154; baseline 0 0"><span class='ocrx_word' id='word_1_290' title='bbox 1653 1127 1688 1154; x_wconf 91' lang='lat'>15</span> 
     </span>
    </p>
   </div>
   <div class='ocr_carea' id='block_1_10' title="bbox 1655 1439 1691 1466">
    <p class='ocr_par' dir='ltr' id='par_1_10' title="bbox 1655 1439 1691 1466">
     <span class='ocr_line' id='line_1_43' title="bbox 1655 1439 1691 1466; baseline 0 0"><span class='ocrx_word' id='word_1_291' title='bbox 1655 1439 1691 1466; x_wconf 84' lang='lat'>20</span> 
     </span>
    </p>
   </div>
   <div class='ocr_carea' id='block_1_11' title="bbox 1656 1750 1691 1778">
    <p class='ocr_par' dir='ltr' id='par_1_11' title="bbox 1656 1750 1691 1778">
     <span class='ocr_line' id='line_1_44' title="bbox 1656 1750 1691 1778; baseline 0 0"><span class='ocrx_word' id='word_1_292' title='bbox 1656 1750 1691 1778; x_wconf 81' lang='lat'>25</span> 
     </span>
    </p>
   </div>
   <div class='ocr_carea' id='block_1_12' title="bbox 1658 2070 1694 2098">
    <p class='ocr_par' dir='ltr' id='par_1_12' title="bbox 1658 2070 1694 2098">
     <span class='ocr_line' id='line_1_45' title="bbox 1658 2070 1694 2098; baseline 0.028 -1"><span class='ocrx_word' id='word_1_293' title='bbox 1658 2070 1694 2098; x_wconf 79' lang='lat'>30</span> 
     </span>
    </p>
   </div>
  </div>
 </body>
</html>
