1716 2742
57 844 94 874 10

59 1160 97 1190 15

50 1524 57 1532 ι

475 126 861 190 ‚PANEGYRIOUS
890 148 949 191 60,
964 156 979 182 1
994 168 1039 173 —
1057 149 1156 190 e1‚s.
1452 145 1543 192 373

117 261 269 322 rogari
294 263 562 307 sententiam
589 278 825 308 cernerem.
891 262 1069 316 Quanti·
1084 265 1192 306 tunc
1218 261 1305 318 illi,
1332 263 1544 319 quantus·

118 340 207 384 que
243 325 313 370 tu!
353 323 533 370 Accidit
568 326 767 384 quidem,
800 329 851 371 ut
890 341 1080 384 corpora
1119 324 1368 383 quamlibet
1406 324 1545 369 ardua
1571 335 1593 368 2

118 390 164 433 et
195 387 371 433 excelsa
401 389 731 447 procerioribus
759 389 940 434 admota
966 389 1242 446 decrescant,
1272 387 1381 432 item
1408 389 1460 432 ut
1485 388 1545 431 al-

118 450 319 496 tissimae
359 450 526 496 civium
559 451 801 511 dignitates
836 452 1076 497 collatione
1109 451 1283 511 fastigii
1314 450 1382 495 tui
1417 450 1546 509 quasi

118 513 440 572 deprimantur,
467 518 726 572 quantoque
746 515 931 573 propius
959 515 1014 559 ad
1035 514 1393 574 magnitudinem
1419 516 1545 558 tuam

118 576 418 635 ascenderint,
451 579 629 621 tantum
663 578 798 622 etiam
831 594 857 622 a
884 594 964 622 sua
992 578 1271 623 descendisse
1298 577 1546 622 videantur.

117 638 228 685 Hlos
266 642 419 684 tamen
457 642 526 698 tu,
568 655 840 699 quamquam
880 657 972 685 non
1005 641 1195 699 potuisti
1227 640 1312 684 tibi
1345 655 1549 698 aequare,
1575 650 1597 683 3

119 717 223 748 cum
254 703 412 760 velles,
451 703 561 748 adeo
595 704 644 747 in
677 704 795 748 edito
831 704 1081 762 collocasti,
1119 707 1171 764 ut
1203 706 1379 748 tantum
1414 718 1550 761 super

119 768 292 811 ceteros
319 768 538 824 quantum
558 766 677 810 infra
701 769 747 811 te
775 769 1070 811 cernerentur.
1132 765 1180 811 Si
1207 767 1339 811 unius
1366 766 1548 811 tertium
1576 776 1599 810 4

119 829 404 875 consulatum
443 829 633 873 eundem
673 829 721 873 in
760 845 927 874 annum
967 830 1015 874 in
1055 845 1188 888 quem
1226 832 1356 874 tuum
1396 831 1550 874 contu-

118 892 267 950 lisses,
298 891 497 952 ingentis
524 892 663 936 animi
690 893 918 950 specimen
944 892 1193 937 haberetur.
1253 892 1318 938 Ut
1343 892 1462 937 enim
1488 892 1550 936 fe-

118 955 304 1000 licitatis
325 957 409 1013 est,
431 957 650 1014 quantum
671 956 803 1013 velis,
823 970 974 1014 posse,
996 956 1060 1000 sic
1080 955 1403 1015 magnitudinis
1424 956 1552 1011 velle,

121 1019 342 1077 quantum
368 1019 526 1076 possis
586 1018 856 1063 Laudandus
879 1019 1058 1077 quidem
1087 1021 1132 1063 et
1159 1019 1255 1076 ille,
1288 1019 1366 1077 qui
1393 1033 1552 1064 consu·
1578 1029 1600 1062 5

120 1081 264 1127 latum
277 1081 462 1126 tertium
478 1082 655 1138 meruit,
677 1082 753 1126 sed
768 1082 925 1141 magis,
947 1082 1030 1126 sub
1046 1097 1135 1139 quo
1151 1082 1332 1126 meruit:
1361 1097 1551 1141 magnus

122 1144 542 1203 memorandusque,
570 1145 649 1203 qui
669 1147 845 1189 tantum
866 1145 1115 1203 praemium
1141 1144 1271 1203 cepit,
1299 1145 1375 1189 sed
1396 1145 1553 1202 maior,

122 1207 203 1266 qui
227 1207 424 1266 capienti
450 1207 583 1252 dedit.
638 1206 775 1265 Quid,
808 1208 929 1266 quod
957 1207 1068 1252 duos
1095 1208 1263 1266 pariter
1288 1207 1422 1252 tertio
1450 1223 1553 1253 con·
1581 1218 1602 1251 6

122 1270 293 1328 sulatu,
340 1270 452 1315 duos
496 1271 676 1330 collegii
715 1270 783 1315 tui
826 1271 1062 1315 sanctitate
1107 1270 1358 1316 decorasti?
1403 1273 1454 1315 ut
1496 1269 1555 1315 sit

121 1332 291 1378 nemini
336 1333 525 1378 dubium
571 1334 688 1379 hanc
730 1333 814 1378 tibi
856 1334 1144 1392 praecipuam
1190 1349 1369 1379 causam
1414 1333 1553 1378 fuisse

123 1396 391 1442 extendendi
411 1397 671 1442 consulatus
692 1397 773 1454 tui,
799 1399 850 1441 ut
870 1397 1061 1442 duorum
1083 1398 1342 1442 consulatus
1363 1397 1554 1455 amplec—

123 1461 294 1505 teretur
333 1460 644 1519 collegamque
676 1462 721 1504 te
753 1475 847 1504 non
879 1461 958 1504 uni
992 1461 1127 1505 daret.
1183 1460 1385 1518 Uterque
1410 1475 1555 1518 nuper
1581 1469 1602 1503 '1

125 1523 409 1568 consulatum
432 1524 623 1567 alterum
644 1525 844 1583 gesserat
865 1539 890 1567 a
909 1526 1037 1581 patre
1057 1526 1156 1568 tuo:
1178 1527 1224 1567 at
1243 1523 1362 1567 idem
1384 1525 1552 1581 quanto

124 1586 274 1631 minus
302 1601 438 1644 quam
471 1602 498 1630 a
529 1588 574 1631 te
602 1586 774 1630 datum!
808 1586 1042 1644 utriusque
1072 1586 1390 1643 adhuc-oculis
1416 1586 1553 1644 paulo

125 1651 230 1694 ante
262 1648 435 1694 dimissi
468 1649 612 1694 fasces
640 1648 927 1705 oberrabant,
950 1649 1194 1708 ‘utriusque
1221 1649 1452 1694 sollemnis
1477 1647 1555 1693 ille

124 1712 339 1757 lictorum
372 1714 418 1757 et
448 1713 743 1770 praenuntius
771 1713 942 1757 clamor
968 1712 1150 1757 auribus
1177 1712 1418 1767 insederat,
1452 1727 1555 1756 cum

126 1790 281 1820 rursus
314 1775 482 1820 curulis
514 1790 759 1833 rursusque
792 1791 1011 1834 purpura3
1043 1778 1095 1820 ut
1122 1776 1250 1833 olim,
1282 1790 1385 1820 cum
1411 1774 1555 1819 hostis

126 1839 176 1883 in
206 1837 415 1897 proximo
450 1841 495 1882 et
533 1838 581 1883 in
615 1854 839 1883 summum
874 1838 1115 1883 discrimen
1148 1838 1341 1883 adducta
1372 1853 1442 1883 res
1476 1853 1556 1896 pu-

126 1901 246 1946 blica
277 1903 511 1959 expertum
544 1901 792 1946 honoribus
827 1901 972 1945 virum
1007 1905 1230 1959 posceret,
1269 1917 1362 1946 non
1395 1916 1557 1946 consu-

126 1965 246 2009 latus
272 1963 533 2009 hominibus
559 1964 722 2022 isdem,
751 1964 828 2008 sed
854 1964 989 2009 iidem
1016 1963 1221 2009 homines
1249 1964 1557 2009 consulatibus

128 2026 440 2072 reddebantur.
506 2027 651 2072 Tanta
690 2027 774 2071 tibi
813 2026 926 2072 bene
964 2027 1158 2072 faciendi
1191 2028 1280 2086 vis,
1319 2030 1371 2071 ut
1409 2026 1558 2071 indul·
1585 2038 1607 2071 8

129 2090 283 2150 gentia
326 2094 406 2135 tua
448 2091 737 2135 necessitates
790 2091 1050 2135 aemuletur.
1124 2090 1260 2135 Modo
1305 2092 1558 2148 praetextas

131 2155 363 2199 exuerant:
389 2156 639 2212 resumant3
665 2153 799 2198 modo
819 2153 1001 2198 lictores
1023 2153 1145 2198 abire
1165 2154 1408 2198 iusserant:
1434 2168 1559 2198 revo-

234 2293 278 2327 11
305 2302 339 2327 v.
362 2289 560 2336 Hofacker
579 2301 621 2337 Ρ.
642 2292 700 2327 55.
832 2293 877 2326 13
904 2290 994 2326 tert
1017 2301 1122 2327 cons.
1146 2290 1197 2327 K.
1328 2293 1372 2325 17
1401 2288 1559 2338 collegii

132 2341 256 2388 Dips„
286 2339 448 2388 collegit
473 2341 524 2386 A,
553 2339 723 2388 collegas
751 2344 833 2378 cett.
854 2340 974 2386 codd„
1002 2341 1054 2377 K.
1069 2341 1103 2377 I.
1209 2343 1255 2377 20
1284 2339 1559 2388 collegamque

131 2392 172 2428 te
204 2391 276 2439 (vel
303 2391 342 2427 et
369 2389 563 2438 collegam
591 2402 666 2437 que
692 2391 746 2437 te)
779 2402 858 2427 non
889 2390 959 2427 uni
987 2390 1099 2427 daret
1125 2391 1245 2437 codd„
1278 2391 1320 2427 te
1354 2389 1480 2439 colleg
1483 2401 1557 2428 am.

134 2440 258 2486 Quem
283 2442 325 2478 te
351 2452 430 2478 non
455 2440 526 2477 um*
553 2440 679 2490 <dare
706 2439 894 2491 licuisse>
923 2440 1045 2478 claret
1071 2442 1212 2478 Baehr.
1354 2440 1428 2478 21·
1455 2440 1558 2491 (at)

133 2491 240 2529 idem
266 2503 344 2540 eyo,
371 2491 418 2537 cf.
442 2503 470 2528 e.
492 2503 522 2528 c.
547 2503 587 2539 Ρ.
608 2494 697 2537 349,
725 2494 795 2537 11,·
820 2494 1009 2579 359‚1v6;
1035 2494 1121 2538 368,
1147 2494 1210 2539 25,
1236 2491 1278 2528 id
1306 2492 1366 2529 est
1385 2491 1560 2539 plerique

134 2542 255 2588 codd„
281 2542 377 2588 edd„
403 2553 475 2580 om.
496 2541 567 2588 B',
593 2541 699 2579 idem
730 2541 772 2579 Ο.
952 2543 1203 2590 v.Hofacker
1222 2554 1263 2589 Ρ.
1286 2545 1346 2580 58.
