1716 2742
147 226 205 275 41

155 1550 216 1599 42

228 115 322 161 354
840 111 879 150 c.
907 112 1044 149 PLINI

319 227 471 284 Feres,
506 225 684 285 Caesar,
718 242 871 272 curam
906 229 950 271 et
984 227 1333 272 sollicitudinem
1364 228 1658 273 consularem.

222 291 337 336 Nam
388 289 499 334 mihi
539 290 759 349 cogitanti
803 290 993 334 eundem
1033 293 1078 335 te
1118 291 1382 336 collationes
1421 291 1659 350 remisisse,

224 353 487 398 donativum
530 353 793 410 reddidisse,
835 353 1115 412 congiarium
1160 353 1398 412 obtulisse,
1437 354 1657 400 delatores

223 415 445 475 abegisse,
485 415 725 475 vectigalia
764 418 1057 474 temperasse,
1096 416 1440 476 interrogandus
1479 417 1660 476 videris,

224 480 389 525 satisne
424 478 754 536 computaveris
788 479 966 537 imperii
998 479 1180 524 reditus.
1246 477 1320 523 An
1357 482 1506 524 tantas
1540 480 1656 525 vires
1685 495 1701 524 5

222 542 358 587 habet
390 541 626 601 frugalitas
660 541 898 600 principis,
930 544 982 586 ut
1014 544 1084 586 tot
1117 541 1377 601 impendiis,
1403 545 1474 588 tot
1507 557 1659 601 eroga-

223 605 424 650 tionibus
453 605 550 649 sola
577 604 804 650 sufficiat?
867 604 986 650 Nam
1015 605 1122 663 quid
1151 608 1218 650 est
1247 620 1428 664 causae,
1454 620 1533 651 cur
1560 606 1660 652 aliis

226 668 426 726 quidem,
459 683 562 712 cum
597 668 747 712 omnia
779 671 989 726 raperent
1023 671 1066 712 et
1098 670 1228 726 rapta
1254 668 1518 727 retinerent,
1544 671 1596 714 ut
1623 669 1661 714 si

224 731 340 776 nihil
366 731 635 789 rapuissent,
661 731 777 775 nihil
802 731 1107 789 retinuissent,
1128 731 1352 776 defuerint
1379 732 1543 788 omnia,
1563 732 1662 790 tibi,

226 810 328 840 cum
362 796 455 838 tam
488 795 632 838 multa
664 794 870 853 largiaris
904 797 948 839 et
986 794 1101 839 nihil
1142 794 1338 853 auferas,
1378 797 1428 839 ut
1468 795 1506 839 si
1543 795 1660 839 nihil
1687 809 1716 838 ic

225 857 432 917 largiaris
460 860 505 901 et
532 857 706 902 auferas
734 858 897 915 omnia,
925 858 1076 902 omnia
1103 857 1359 916 supersint?
1398 857 1660 916 Numquam

226 920 506 979 principibus
541 920 801 979 defuerunt,
834 920 911 978 qui
944 920 1093 965 fronte
1125 921 1246 966 tristi
1278 923 1323 965 et
1355 921 1483 980 gravi
1510 936 1662 979 super-

227 984 331 1029 cilio
365 983 639 1028 utilitatibus
673 983 771 1028 fisci
805 984 1133 1028 contumaciter
1159 984 1377 1028 adessent.
1442 983 1504 1029 Et
1537 986 1663 1028 erant

226 1046 453 1106 principes
488 1046 574 1104 ipsi
608 1061 689 1091 sua
722 1049 883 1105 sponte
917 1046 1038 1091 avidi
1070 1049 1115 1091 et
1146 1062 1355 1105 rapaces,
1381 1049 1426 1091 et
1459 1047 1538 1106 qui
1570 1063 1661 1091 ma-

228 1110 381 1170 gistris
408 1124 501 1154 11011
529 1112 729 1169 egerent3
756 1110 887 1168 plura
913 1113 1065 1154 tamen
1092 1124 1267 1168 semper
1293 1126 1320 1154 a
1344 1110 1475 1155 nobis
1504 1112 1662 1155 contra
1689 1118 1716 1154 11

227 1189 311 1218 nos
346 1172 609 1217 didicerunt.
677 1171 763 1217 Sed
797 1173 853 1217 ad
885 1175 986 1217 tuas
1021 1188 1148 1217 aures
1187 1188 1289 1218 cum
1329 1173 1486 1218 ceteris
1521 1173 1662 1218 omni-

227 1237 311 1281 bus
355 1238 453 1280 tum
492 1236 565 1280 vel
608 1236 800 1280 maxime
841 1236 985 1281 avaris
1026 1236 1361 1281 adulationibus
1405 1236 1662 1281 obstructus

228 1302 295 1345 est
329 1298 487 1343 aditus.
555 1297 700 1343 Silent
732 1314 839 1371 ergo
874 1302 918 1344 et
945 1299 1195 1359 quiescunt,
1222 1301 1278 1358 et,
1304 1302 1546 1358 postquam
1571 1314 1665 1344 non

229 1365 308 1421 est,
342 1362 414 1407 cui
449 1362 699 1420 suadeatur,
734 1363 812 1420 qui
845 1363 1080 1420 suadeant,
1105 1377 1199 1406 non
1225 1334 1340 1407 siint.
1377 1361 1475 1416 Quo
1503 1362 1666 1420 evenit,
1715 1361 1716 1402 Ῑ

229 1428 298 1483 ut,
326 1440 427 1470 cum
454 1424 699 1483 plurimum
726 1426 811 1470 tibi
838 1441 920 1483 pro
948 1425 1055 1482 tuis,
1083 1426 1185 1483 plus
1212 1427 1365 1470 tamen
1390 1441 1473 1484 pro
1497 1425 1663 1471 nostris
1691 1431 1716 1495 ²⁴.

230 1489 431 1533 moribus
466 1488 716 1534 debeamus.

323 1551 683 1609 Locupletabant
716 1554 761 1596 et
793 1552 953 1596 fiscum
987 1554 1032 1596 et
1066 1551 1286 1596 aerarium
1319 1566 1412 1596 non
1447 1554 1541 1596 tam
1575 1550 1665 1597 Vo-
1707 1544 1716 1595 i

231 1615 387 1660 coniae
426 1617 470 1659 et
517 1613 658 1659 Iuliae
703 1615 825 1674 leges
873 1630 1007 1686 quam
1054 1614 1300 1660 maiestatis
1348 1615 1575 1674 singulare
1621 1616 1667 1659 et

230 1678 414 1723 unicum
442 1677 611 1722 crimen
639 1693 813 1734 eorum,
842 1678 919 1736 qui
947 1677 1132 1723 crimine
1158 1680 1380 1723 vacarent.
1440 1677 1588 1722 Huius
1614 1680 1666 1722 tu
1713 1671 1716 1679 ¹

232 1743 402 1786 metum
435 1741 614 1798 penitus
656 1741 880 1786 sustulisti
921 1743 1159 1786 contentus
1202 1740 1534 1800 magnitudine,
1575 1755 1664 1798 qua

231 1805 348 1849 nulli
380 1804 524 1864 magis
559 1807 816 1862 caruerunt,
850 1819 983 1862 quam
1020 1804 1098 1862 qui
1131 1803 1215 1848 sibi
1255 1804 1534 1849 maiestatem
1568 1804 1666 1848 vin-

233 1867 454 1912 dicabant.
519 1866 712 1911 Reddita
739 1869 807 1911 est
833 1867 987 1912 amicis
1014 1867 1145 1925 fides,
1169 1866 1323 1911 liberis
1353 1867 1516 1925 pietas,
1543 1867 1667 1911 obse-

235 1930 390 1988 quium
425 1930 582 1975 servis:
625 1933 837 1975 verentur
875 1933 920 1975 et
959 1933 1118 1988 parent
1157 1932 1202 1974 et
1241 1930 1447 1975 dominos
1485 1929 1665 1975 habent.

232 1993 340 2038 Non
380 1994 499 2038 enim
539 1994 627 2038 iam
668 1994 784 2038 servi
825 1994 971 2038 nostri
1009 1993 1226 2051 principis
1270 1993 1422 2051 amici,
1465 1993 1543 2038 sed
1583 2008 1666 2037 nos

235 2072 412 2115 sumus,
444 2071 527 2101 nec
559 2059 686 2114 pater
718 2057 889 2114 patriae
917 2056 1074 2101 alienis
1109 2071 1155 2101 se
1183 2056 1416 2114 mancipiis
1451 2055 1667 2101 cariorem

236 2135 369 2178 quam
405 2119 577 2164 civibus
606 2119 696 2164 suis
725 2119 874 2164 credit.
942 2118 1107 2164 Omnes
1135 2121 1394 2165 accusatore
1421 2118 1666 2164 domestico

234 2183 437 2228 liberasti
483 2197 663 2240 unoque
708 2183 864 2227 salutis
907 2182 1116 2240 publicae
1160 2183 1288 2242 signo
1333 2182 1465 2240 illud,
1505 2184 1558 2226 ut
1603 2182 1668 2227 sic

238 2246 447 2304 dixerim,
481 2246 641 2290 servile
675 2246 843 2290 bellum
878 2245 1112 2290 sustulisti.
1178 2245 1230 2290 In
1264 2260 1354 2303 quo
1394 2260 1486 2290 non
1520 2245 1667 2290 minus

340 2411 360 2443 9
376 2407 477 2444 nihil
489 2407 745 2445 retinuissent
759 2408 809 2453 A,
825 2408 970 2454 Livin„
986 2408 1100 2454 Susa,
1123 2408 1275 2453 Muell„
1290 2419 1360 2444 om.
1376 2407 1477 2454 vuly.
1557 2410 1603 2443 10
1623 2407 1669 2444 ut

240 2458 273 2494 si
293 2458 373 2494 nih.
389 2458 486 2505 larg.
504 2460 543 2495 et
564 2459 641 2496 auf.
664 2459 820 2496 ABB‘
839 2459 880 2504 V,
901 2459 1057 2504 Baehr.,
1079 2470 1148 2495 om.
1172 2458 1205 2496 0
1218 2458 1278 2503 W,
1304 2457 1356 2495 K.
1463 2461 1506 2494 11
1537 2457 1669 2495 omnia

240 2509 381 2556 duplic.
404 2508 588 2546 Schwarz.
694 2513 738 2546 31
769 2508 931 2545 domest.
955 2520 1082 2545 accus.
1104 2509 1328 2555 Romaeque
1349 2519 1389 2555 p.
1411 2510 1498 2545 209.
