<?xml version="1.0" encoding="UTF-8"?>
<!DOCTYPE html PUBLIC "-//W3C//DTD XHTML 1.0 Transitional//EN"
    "http://www.w3.org/TR/xhtml1/DTD/xhtml1-transitional.dtd">
<html xmlns="http://www.w3.org/1999/xhtml" xml:lang="en" lang="en">
 <head>
  <title>
</title>
<meta http-equiv="Content-Type" content="text/html;charset=utf-8" />
  <meta name='ocr-system' content='tesseract 3.04.00' />
  <meta name='ocr-capabilities' content='ocr_page ocr_carea ocr_par ocr_line ocrx_word'/>
</head>
<body>
  <div class='ocr_page' id='page_1' title='image "./epistularumlibr00plin_0268.png"; bbox 0 0 1716 2742; ppageno 0'>
   <div class='ocr_carea' id='block_1_1' title="bbox 115 961 159 994">
    <p class='ocr_par' dir='ltr' id='par_1_1' title="bbox 115 961 159 994">
     <span class='ocr_line' id='line_1_1' title="bbox 115 961 159 994; baseline 0 0"><span class='ocrx_word' id='word_1_1' title='bbox 115 961 159 994; x_wconf 91' lang='lat'><em>10</em></span> 
     </span>
    </p>
   </div>
   <div class='ocr_carea' id='block_1_2' title="bbox 115 1212 158 1244">
    <p class='ocr_par' dir='ltr' id='par_1_2' title="bbox 115 1212 158 1244">
     <span class='ocr_line' id='line_1_2' title="bbox 115 1212 158 1244; baseline 0 0"><span class='ocrx_word' id='word_1_2' title='bbox 115 1212 158 1244; x_wconf 91' lang='lat'><em>11</em></span> 
     </span>
    </p>
   </div>
   <div class='ocr_carea' id='block_1_3' title="bbox 117 1715 161 1746">
    <p class='ocr_par' dir='ltr' id='par_1_3' title="bbox 117 1715 161 1746">
     <span class='ocr_line' id='line_1_3' title="bbox 117 1715 161 1746; baseline -0.023 0"><span class='ocrx_word' id='word_1_3' title='bbox 117 1715 161 1746; x_wconf 82' lang='lat'><em>12</em></span> 
     </span>
    </p>
   </div>
   <div class='ocr_carea' id='block_1_4' title="bbox 118 2027 163 2060">
    <p class='ocr_par' dir='ltr' id='par_1_4' title="bbox 118 2027 163 2060">
     <span class='ocr_line' id='line_1_4' title="bbox 118 2027 163 2060; baseline -0.022 0"><span class='ocrx_word' id='word_1_4' title='bbox 118 2027 163 2060; x_wconf 85' lang='lat'><em>13</em></span> 
     </span>
    </p>
   </div>
   <div class='ocr_carea' id='block_1_5' title="bbox 188 145 1048 194">
    <p class='ocr_par' dir='ltr' id='par_1_5' title="bbox 188 145 1048 194">
     <span class='ocr_line' id='line_1_5' title="bbox 188 145 1048 194; baseline 0.002 -13"><span class='ocrx_word' id='word_1_5' title='bbox 188 147 281 194; x_wconf 81' lang='lat'><em>252</em></span> <span class='ocrx_word' id='word_1_6' title='bbox 805 145 843 182; x_wconf 84' lang='grc'><em>0.</em></span> <span class='ocrx_word' id='word_1_7' title='bbox 871 145 1009 183; x_wconf 82' lang='lat' dir='ltr'>PLINI</span> <span class='ocrx_word' id='word_1_8' title='bbox 1046 169 1048 171; x_wconf 88' lang='lat'>-</span> 
     </span>
    </p>
   </div>
   <div class='ocr_carea' id='block_1_6' title="bbox 185 257 1627 1882">
    <p class='ocr_par' dir='ltr' id='par_1_6' title="bbox 186 257 1627 1882">
     <span class='ocr_line' id='line_1_6' title="bbox 189 257 1623 318; baseline 0 -13"><span class='ocrx_word' id='word_1_9' title='bbox 189 278 285 314; x_wconf 91' lang='grc' dir='ltr'><em>νας</em></span> <span class='ocrx_word' id='word_1_10' title='bbox 337 261 426 304; x_wconf 82' lang='grc' dir='ltr'><em>καὶ</em></span> <span class='ocrx_word' id='word_1_11' title='bbox 478 260 771 317; x_wconf 79' lang='grc' dir='ltr'><em>προβόλων</em></span> <span class='ocrx_word' id='word_1_12' title='bbox 823 257 1148 316; x_wconf 77' lang='grc' dir='ltr'><strong><em>ἐνέπλησας,</em></strong></span> <span class='ocrx_word' id='word_1_13' title='bbox 1200 261 1336 318; x_wconf 88' lang='grc' dir='ltr'><em>πρὸς</em></span> <span class='ocrx_word' id='word_1_14' title='bbox 1387 260 1623 313; x_wconf 80' lang='grc' dir='ltr'><strong><em>τούτους</em></strong></span> 
     </span>
     <span class='ocr_line' id='line_1_7' title="bbox 189 320 1623 381; baseline 0 -13"><span class='ocrx_word' id='word_1_15' title='bbox 189 323 428 380; x_wconf 81' lang='grc' dir='ltr'><em>ὁρμίζου.</em></span> <span class='ocrx_word' id='word_1_16' title='bbox 493 323 554 366; x_wconf 79' lang='lat' dir='ltr'><em>Et</em></span> <span class='ocrx_word' id='word_1_17' title='bbox 587 322 779 366; x_wconf 85' lang='lat' dir='ltr'>dixerat:</span> <span class='ocrx_word' id='word_1_18' title='bbox 830 322 1013 381; x_wconf 81' lang='grc' dir='ltr'><strong><em>Τούτῳ</em></strong></span> <span class='ocrx_word' id='word_1_19' title='bbox 1048 322 1096 366; x_wconf 79' lang='grc' dir='ltr'><em>δ’</em></span> <span class='ocrx_word' id='word_1_20' title='bbox 1131 320 1337 367; x_wconf 81' lang='grc' dir='ltr'><strong><em>οὐδένα</em></strong></span> <span class='ocrx_word' id='word_1_21' title='bbox 1370 322 1476 381; x_wconf 79' lang='grc' dir='ltr'><em>ὁρῶ</em></span> <span class='ocrx_word' id='word_1_22' title='bbox 1514 330 1623 368; x_wconf 83' lang='grc' dir='ltr'><em>τῶν</em></span> 
     </span>
     <span class='ocr_line' id='line_1_8' title="bbox 191 383 1622 441; baseline 0.001 -11"><span class='ocrx_word' id='word_1_23' title='bbox 191 383 370 430; x_wconf 86' lang='grc' dir='ltr'><em>τόπων</em></span> <span class='ocrx_word' id='word_1_24' title='bbox 402 385 614 428; x_wconf 90' lang='grc' dir='ltr'><em>τούτων</em></span> <span class='ocrx_word' id='word_1_25' title='bbox 653 384 894 440; x_wconf 92' lang='grc' dir='ltr'><em>βάσιμον</em></span> <span class='ocrx_word' id='word_1_26' title='bbox 927 384 1080 441; x_wconf 80' lang='grc' dir='ltr'><em>ὄντα,</em></span> <span class='ocrx_word' id='word_1_27' title='bbox 1115 384 1251 429; x_wconf 76' lang='grc' dir='ltr'><em>ἀλλὰ</em></span> <span class='ocrx_word' id='word_1_28' title='bbox 1283 385 1459 430; x_wconf 87' lang='grc' dir='ltr'><em>πάντα</em></span> <span class='ocrx_word' id='word_1_29' title='bbox 1492 385 1622 431; x_wconf 83' lang='grc' dir='ltr'><em>ἀπό-</em></span> 
     </span>
     <span class='ocr_line' id='line_1_9' title="bbox 190 446 1623 506; baseline 0.001 -14"><span class='ocrx_word' id='word_1_30' title='bbox 190 464 422 506; x_wconf 77' lang='grc' dir='ltr'><em>κρημνα,</em></span> <span class='ocrx_word' id='word_1_31' title='bbox 463 447 771 504; x_wconf 79' lang='grc' dir='ltr'><em>φάραγγας,</em></span> <span class='ocrx_word' id='word_1_32' title='bbox 812 447 1082 505; x_wconf 83' lang='grc' dir='ltr'><em>βάραθρα.</em></span> <span class='ocrx_word' id='word_1_33' title='bbox 1148 447 1210 491; x_wconf 87' lang='lat' dir='ltr'><em>Et</em></span> <span class='ocrx_word' id='word_1_34' title='bbox 1249 447 1477 506; x_wconf 81' lang='lat' dir='ltr'>deinceps:</span> <span class='ocrx_word' id='word_1_35' title='bbox 1521 446 1623 493; x_wconf 82' lang='grc' dir='ltr'><em>Δέ-</em></span> 
     </span>
     <span class='ocr_line' id='line_1_10' title="bbox 189 506 1623 567; baseline 0.001 -13"><span class='ocrx_word' id='word_1_36' title='bbox 189 512 367 567; x_wconf 83' lang='grc' dir='ltr'><em>δοικα,</em></span> <span class='ocrx_word' id='word_1_37' title='bbox 400 511 466 567; x_wconf 86' lang='grc' dir='ltr'><em>μὴ</em></span> <span class='ocrx_word' id='word_1_38' title='bbox 502 509 696 567; x_wconf 82' lang='grc' dir='ltr'><em>δόξητέ</em></span> <span class='ocrx_word' id='word_1_39' title='bbox 729 521 841 553; x_wconf 91' lang='grc' dir='ltr'><em>τισι</em></span> <span class='ocrx_word' id='word_1_40' title='bbox 870 508 963 554; x_wconf 88' lang='grc' dir='ltr'><em>τὸν</em></span> <span class='ocrx_word' id='word_1_41' title='bbox 997 510 1080 554; x_wconf 82' lang='grc' dir='ltr'><em>ἀεὶ</em></span> <span class='ocrx_word' id='word_1_42' title='bbox 1101 507 1450 567; x_wconf 89' lang='grc' dir='ltr'><em>βουλόμενον</em></span> <span class='ocrx_word' id='word_1_43' title='bbox 1477 506 1623 556; x_wconf 78' lang='grc' dir='ltr'><em>εἶναι</em></span> 
     </span>
     <span class='ocr_line' id='line_1_11' title="bbox 187 569 1623 634; baseline 0.001 -17"><span class='ocrx_word' id='word_1_44' title='bbox 187 570 437 631; x_wconf 85' lang='grc' dir='ltr'><em>πονηρὸν</em></span> <span class='ocrx_word' id='word_1_45' title='bbox 462 579 570 617; x_wconf 84' lang='grc' dir='ltr'><em>τῶν</em></span> <span class='ocrx_word' id='word_1_46' title='bbox 597 571 655 616; x_wconf 82' lang='grc' dir='ltr'><em>ἐν</em></span> <span class='ocrx_word' id='word_1_47' title='bbox 682 577 745 634; x_wconf 81' lang='grc' dir='ltr'><em>τῇ</em></span> <span class='ocrx_word' id='word_1_48' title='bbox 771 569 930 616; x_wconf 86' lang='grc' dir='ltr'><em>πόλει</em></span> <span class='ocrx_word' id='word_1_49' title='bbox 957 573 1363 631; x_wconf 80' lang='grc' dir='ltr'><em>παιδοτριβεῖν,</em></span> <span class='ocrx_word' id='word_1_50' title='bbox 1382 589 1466 618; x_wconf 89' lang='lat' dir='ltr'>nec</span> <span class='ocrx_word' id='word_1_51' title='bbox 1493 574 1623 618; x_wconf 90' lang='lat' dir='ltr'>satis:</span> 
     </span>
     <span class='ocr_line' id='line_1_12' title="bbox 191 631 1624 693; baseline 0.001 -14"><span class='ocrx_word' id='word_1_52' title='bbox 191 634 333 679; x_wconf 81' lang='grc' dir='ltr'><em>Οὐδὲ</em></span> <span class='ocrx_word' id='word_1_53' title='bbox 391 635 493 693; x_wconf 75' lang='grc' dir='ltr'><em>γὰρ</em></span> <span class='ocrx_word' id='word_1_54' title='bbox 552 631 682 687; x_wconf 88' lang='grc' dir='ltr'><em>τόὺς</em></span> <span class='ocrx_word' id='word_1_55' title='bbox 746 636 1064 693; x_wconf 73' lang='grc' dir='ltr'><em>προγόνους</em></span> <span class='ocrx_word' id='word_1_56' title='bbox 1121 634 1496 693; x_wconf 78' lang='grc' dir='ltr'><em>ὑπολαμβάνω</em></span> <span class='ocrx_word' id='word_1_57' title='bbox 1562 637 1624 680; x_wconf 83' lang='grc' dir='ltr'><em>τὰ</em></span> 
     </span>
     <span class='ocr_line' id='line_1_13' title="bbox 188 697 1625 756; baseline 0.001 -15"><span class='ocrx_word' id='word_1_58' title='bbox 188 698 519 756; x_wconf 80' lang='grc' dir='ltr'><em>δικαστήρια</em></span> <span class='ocrx_word' id='word_1_59' title='bbox 558 701 728 742; x_wconf 82' lang='grc' dir='ltr'><em>ταῦτα</em></span> <span class='ocrx_word' id='word_1_60' title='bbox 767 697 901 754; x_wconf 83' lang='grc' dir='ltr'><em>ὑμῖν</em></span> <span class='ocrx_word' id='word_1_61' title='bbox 942 698 1333 756; x_wconf 80' lang='grc' dir='ltr'><em>οἰκοδομῆσαι,</em></span> <span class='ocrx_word' id='word_1_62' title='bbox 1373 698 1464 744; x_wconf 81' lang='grc' dir='ltr'><em>ἵνα</em></span> <span class='ocrx_word' id='word_1_63' title='bbox 1496 700 1625 751; x_wconf 85' lang='grc' dir='ltr'><em>τοὺς</em></span> 
     </span>
     <span class='ocr_line' id='line_1_14' title="bbox 187 758 1625 819; baseline 0.001 -15"><span class='ocrx_word' id='word_1_64' title='bbox 187 761 480 813; x_wconf 82' lang='grc' dir='ltr'><em>τοιούτους</em></span> <span class='ocrx_word' id='word_1_65' title='bbox 519 758 578 805; x_wconf 81' lang='grc' dir='ltr'><em>ἐν</em></span> <span class='ocrx_word' id='word_1_66' title='bbox 619 759 810 813; x_wconf 85' lang='grc' dir='ltr'><em>αὐτοῖς</em></span> <span class='ocrx_word' id='word_1_67' title='bbox 848 761 1175 819; x_wconf 79' lang='grc' dir='ltr'><em>μοσχεύητε,</em></span> <span class='ocrx_word' id='word_1_68' title='bbox 1215 761 1271 805; x_wconf 86' lang='lat' dir='ltr'><em>ad</em></span> <span class='ocrx_word' id='word_1_69' title='bbox 1309 761 1417 806; x_wconf 88' lang='lat' dir='ltr'>hoc:</span> <span class='ocrx_word' id='word_1_70' title='bbox 1457 761 1526 806; x_wconf 83' lang='grc' dir='ltr'><em>Εἰ</em></span> <span class='ocrx_word' id='word_1_71' title='bbox 1565 761 1625 806; x_wconf 80' lang='grc' dir='ltr'><em>δὲ</em></span> 
     </span>
     <span class='ocr_line' id='line_1_15' title="bbox 188 821 1625 882; baseline 0.001 -15"><span class='ocrx_word' id='word_1_72' title='bbox 188 823 430 881; x_wconf 83' lang='grc' dir='ltr'><em>κάπηλός</em></span> <span class='ocrx_word' id='word_1_73' title='bbox 480 821 597 867; x_wconf 84' lang='grc' dir='ltr'><em>ἐστι</em></span> <span class='ocrx_word' id='word_1_74' title='bbox 636 824 907 882; x_wconf 82' lang='grc' dir='ltr'><em>πονηρίας</em></span> <span class='ocrx_word' id='word_1_75' title='bbox 946 823 1035 868; x_wconf 83' lang='grc' dir='ltr'><em>καὶ</em></span> <span class='ocrx_word' id='word_1_76' title='bbox 1078 823 1494 882; x_wconf 79' lang='grc' dir='ltr'><em>παλιγκάπηλος</em></span> <span class='ocrx_word' id='word_1_77' title='bbox 1536 824 1625 868; x_wconf 82' lang='grc' dir='ltr'><em>καὶ</em></span> 
     </span>
     <span class='ocr_line' id='line_1_16' title="bbox 187 885 1623 945; baseline 0.001 -16"><span class='ocrx_word' id='word_1_78' title='bbox 187 886 524 942; x_wconf 85' lang='grc' dir='ltr'><em>μεταβολεύς</em></span> <span class='ocrx_word' id='word_1_79' title='bbox 563 888 608 930; x_wconf 91' lang='lat' dir='ltr'>et</span> <span class='ocrx_word' id='word_1_80' title='bbox 640 886 765 930; x_wconf 84' lang='lat' dir='ltr'>mille</span> <span class='ocrx_word' id='word_1_81' title='bbox 803 885 931 943; x_wconf 83' lang='lat' dir='ltr'>talia,</span> <span class='ocrx_word' id='word_1_82' title='bbox 975 889 1028 930; x_wconf 89' lang='lat' dir='ltr'><em>ut</em></span> <span class='ocrx_word' id='word_1_83' title='bbox 1072 889 1369 945; x_wconf 83' lang='lat' dir='ltr'>praeteream,</span> <span class='ocrx_word' id='word_1_84' title='bbox 1412 901 1526 945; x_wconf 85' lang='lat' dir='ltr'>quae</span> <span class='ocrx_word' id='word_1_85' title='bbox 1568 887 1623 930; x_wconf 85' lang='lat' dir='ltr'><em>ab</em></span> 
     </span>
     <span class='ocr_line' id='line_1_17' title="bbox 188 947 1626 1008; baseline 0.001 -16"><span class='ocrx_word' id='word_1_86' title='bbox 188 948 411 993; x_wconf 76' lang='lat' dir='ltr'><strong>Aeschine</strong></span> <span class='ocrx_word' id='word_1_87' title='bbox 469 949 770 1006; x_wconf 78' lang='grc' dir='ltr'><em>θαύματα,</em></span> <span class='ocrx_word' id='word_1_88' title='bbox 827 964 921 993; x_wconf 89' lang='lat' dir='ltr'><em>non</em></span> <span class='ocrx_word' id='word_1_89' title='bbox 980 949 1213 1008; x_wconf 79' lang='grc' dir='ltr'><em>ῥήματα</em></span> <span class='ocrx_word' id='word_1_90' title='bbox 1256 952 1488 994; x_wconf 81' lang='lat' dir='ltr'>vocantur.</span> <span class='ocrx_word' id='word_1_91' title='bbox 1571 947 1626 993; x_wconf 88' lang='lat' dir='ltr'><em>In</em></span> 
     </span>
     <span class='ocr_line' id='line_1_18' title="bbox 188 1011 1625 1070; baseline 0 -15"><span class='ocrx_word' id='word_1_92' title='bbox 188 1012 464 1055; x_wconf 85' lang='lat' dir='ltr'>contrarium</span> <span class='ocrx_word' id='word_1_93' title='bbox 504 1011 660 1056; x_wconf 88' lang='lat' dir='ltr'>incidi:</span> <span class='ocrx_word' id='word_1_94' title='bbox 704 1011 823 1056; x_wconf 87' lang='lat' dir='ltr'>dices</span> <span class='ocrx_word' id='word_1_95' title='bbox 856 1011 979 1056; x_wconf 91' lang='lat' dir='ltr'>hunc</span> <span class='ocrx_word' id='word_1_96' title='bbox 1013 1027 1193 1070; x_wconf 89' lang='lat' dir='ltr'>quoque</span> <span class='ocrx_word' id='word_1_97' title='bbox 1228 1011 1285 1056; x_wconf 93' lang='lat' dir='ltr'><em>ob</em></span> <span class='ocrx_word' id='word_1_98' title='bbox 1319 1012 1406 1056; x_wconf 87' lang='lat' dir='ltr'>ista</span> <span class='ocrx_word' id='word_1_99' title='bbox 1439 1012 1625 1070; x_wconf 83' lang='lat' dir='ltr'>culpari.</span> 
     </span>
     <span class='ocr_line' id='line_1_19' title="bbox 188 1073 1624 1133; baseline 0 -15"><span class='ocrx_word' id='word_1_100' title='bbox 188 1073 276 1118; x_wconf 84' lang='lat' dir='ltr'>Sed</span> <span class='ocrx_word' id='word_1_101' title='bbox 321 1073 443 1131; x_wconf 85' lang='lat' dir='ltr'>vide,</span> <span class='ocrx_word' id='word_1_102' title='bbox 486 1076 655 1131; x_wconf 87' lang='lat' dir='ltr'>quanto</span> <span class='ocrx_word' id='word_1_103' title='bbox 702 1074 847 1118; x_wconf 90' lang='lat' dir='ltr'>maior</span> <span class='ocrx_word' id='word_1_104' title='bbox 890 1074 967 1132; x_wconf 83' lang='lat' dir='ltr'>sit,</span> <span class='ocrx_word' id='word_1_105' title='bbox 1007 1075 1086 1132; x_wconf 91' lang='lat' dir='ltr'><em>qui</em></span> <span class='ocrx_word' id='word_1_106' title='bbox 1123 1075 1486 1133; x_wconf 73' lang='lat' dir='ltr'>reprehenditur,</span> <span class='ocrx_word' id='word_1_107' title='bbox 1523 1075 1624 1132; x_wconf 88' lang='lat' dir='ltr'>ipso</span> 
     </span>
     <span class='ocr_line' id='line_1_20' title="bbox 186 1136 1627 1206; baseline 0.001 -26"><span class='ocrx_word' id='word_1_108' title='bbox 186 1136 540 1206; x_wconf 79' lang='lat' dir='ltr'>reprehendente</span> <span class='ocrx_word' id='word_1_109' title='bbox 561 1139 606 1180; x_wconf 91' lang='lat' dir='ltr'>et</span> <span class='ocrx_word' id='word_1_110' title='bbox 625 1136 768 1181; x_wconf 82' lang='lat' dir='ltr'>maior</span> <span class='ocrx_word' id='word_1_111' title='bbox 789 1137 845 1181; x_wconf 91' lang='lat' dir='ltr'><em>ob</em></span> <span class='ocrx_word' id='word_1_112' title='bbox 861 1137 973 1181; x_wconf 88' lang='lat' dir='ltr'>haec</span> <span class='ocrx_word' id='word_1_113' title='bbox 995 1152 1194 1195; x_wconf 85' lang='lat' dir='ltr'>quoque3</span> <span class='ocrx_word' id='word_1_114' title='bbox 1213 1137 1262 1181; x_wconf 94' lang='lat' dir='ltr'><em>in</em></span> <span class='ocrx_word' id='word_1_115' title='bbox 1284 1138 1384 1182; x_wconf 86' lang='lat' dir='ltr'>aliis</span> <span class='ocrx_word' id='word_1_116' title='bbox 1405 1138 1525 1182; x_wconf 89' lang='lat' dir='ltr'>enim</span> <span class='ocrx_word' id='word_1_117' title='bbox 1545 1137 1627 1195; x_wconf 80' lang='lat' dir='ltr'>vis,</span> 
     </span>
     <span class='ocr_line' id='line_1_21' title="bbox 187 1198 1625 1270; baseline 0.001 -28"><span class='ocrx_word' id='word_1_118' title='bbox 187 1199 235 1243; x_wconf 87' lang='lat' dir='ltr'><em>in</em></span> <span class='ocrx_word' id='word_1_119' title='bbox 259 1199 331 1244; x_wconf 91' lang='lat' dir='ltr'><em>his</em></span> <span class='ocrx_word' id='word_1_120' title='bbox 360 1198 589 1270; x_wconf 72' lang='lat' dir='ltr'>granditas</span> <span class='ocrx_word' id='word_1_121' title='bbox 618 1199 712 1244; x_wconf 82' lang='lat' dir='ltr'>eius</span> <span class='ocrx_word' id='word_1_122' title='bbox 734 1200 892 1244; x_wconf 82' lang='lat' dir='ltr'>elucet</span> <span class='ocrx_word' id='word_1_123' title='bbox 938 1199 1062 1245; x_wconf 89' lang='lat' dir='ltr'><em>Num</em></span> <span class='ocrx_word' id='word_1_124' title='bbox 1089 1202 1239 1244; x_wconf 85' lang='lat' dir='ltr'>autem</span> <span class='ocrx_word' id='word_1_125' title='bbox 1259 1198 1540 1245; x_wconf 83' lang='lat' dir='ltr'>Aeschines</span> <span class='ocrx_word' id='word_1_126' title='bbox 1527 1215 1625 1258; x_wconf 79' lang='lat' dir='ltr'>lpse</span> 
     </span>
     <span class='ocr_line' id='line_1_22' title="bbox 187 1262 1624 1341; baseline 0.001 -35"><span class='ocrx_word' id='word_1_127' title='bbox 187 1262 278 1319; x_wconf 81' lang='lat' dir='ltr'>his,</span> <span class='ocrx_word' id='word_1_128' title='bbox 321 1278 436 1320; x_wconf 90' lang='lat' dir='ltr'>quae</span> <span class='ocrx_word' id='word_1_129' title='bbox 479 1262 526 1305; x_wconf 88' lang='lat' dir='ltr'><em>in</em></span> <span class='ocrx_word' id='word_1_130' title='bbox 566 1262 872 1307; x_wconf 73' lang='lat' dir='ltr'>Demosthene</span> <span class='ocrx_word' id='word_1_131' title='bbox 912 1263 1144 1341; x_wconf 74' lang='lat' dir='ltr'>carpebat,</span> <span class='ocrx_word' id='word_1_132' title='bbox 1187 1263 1435 1307; x_wconf 75' lang='lat' dir='ltr'>abstinuit?</span> <span class='ocrx_word' id='word_1_133' title='bbox 1509 1263 1624 1321; x_wconf 84' lang='grc' dir='ltr'><em>Χρὴ</em></span> 
     </span>
     <span class='ocr_line' id='line_1_23' title="bbox 188 1323 1626 1404; baseline 0.001 -36"><span class='ocrx_word' id='word_1_134' title='bbox 188 1326 290 1383; x_wconf 90' lang='grc' dir='ltr'><em>γαρ</em></span> <span class='ocrx_word' id='word_1_135' title='bbox 316 1323 374 1369; x_wconf 88' lang='grc' dir='ltr'><em>τὸ</em></span> <span class='ocrx_word' id='word_1_136' title='bbox 403 1323 539 1369; x_wconf 84' lang='grc' dir='ltr'><em>αὐτὸ</em></span> <span class='ocrx_word' id='word_1_137' title='bbox 569 1324 923 1402; x_wconf 77' lang='grc' dir='ltr'><em>φθέγγεσθαι</em></span> <span class='ocrx_word' id='word_1_138' title='bbox 949 1324 1045 1369; x_wconf 85' lang='grc' dir='ltr'><em>τὸν</em></span> <span class='ocrx_word' id='word_1_139' title='bbox 1074 1325 1281 1404; x_wconf 81' lang='grc' dir='ltr'><em>ρήτορα</em></span> <span class='ocrx_word' id='word_1_140' title='bbox 1306 1323 1513 1370; x_wconf 76' lang='grc' dir='ltr'><em>καὶτὸν</em></span> <span class='ocrx_word' id='word_1_141' title='bbox 1539 1323 1626 1370; x_wconf 88' lang='grc' dir='ltr'><em>νό-</em></span> 
     </span>
     <span class='ocr_line' id='line_1_24' title="bbox 187 1384 1625 1449; baseline 0.001 -18"><span class='ocrx_word' id='word_1_142' title='bbox 187 1399 308 1444; x_wconf 89' lang='grc' dir='ltr'><em>μον·</em></span> <span class='ocrx_word' id='word_1_143' title='bbox 344 1384 478 1432; x_wconf 82' lang='grc' dir='ltr'><em>ὅταν</em></span> <span class='ocrx_word' id='word_1_144' title='bbox 518 1387 577 1432; x_wconf 80' lang='grc' dir='ltr'><em>δὲ</em></span> <span class='ocrx_word' id='word_1_145' title='bbox 611 1386 808 1445; x_wconf 80' lang='grc' dir='ltr'><em>ἑτέραν</em></span> <span class='ocrx_word' id='word_1_146' title='bbox 841 1387 939 1444; x_wconf 80' lang='grc' dir='ltr'><em>μὲν</em></span> <span class='ocrx_word' id='word_1_147' title='bbox 983 1388 1174 1445; x_wconf 82' lang='grc' dir='ltr'><em>φωνὴν</em></span> <span class='ocrx_word' id='word_1_148' title='bbox 1208 1387 1344 1449; x_wconf 80' lang='grc' dir='ltr'><em>ἀφιῇ</em></span> <span class='ocrx_word' id='word_1_149' title='bbox 1377 1387 1402 1432; x_wconf 85' lang='grc' dir='ltr'>ὁ</span> <span class='ocrx_word' id='word_1_150' title='bbox 1435 1385 1625 1445; x_wconf 90' lang='grc' dir='ltr'><em>νόμος,</em></span> 
     </span>
     <span class='ocr_line' id='line_1_25' title="bbox 189 1448 1625 1509; baseline 0.001 -15"><span class='ocrx_word' id='word_1_151' title='bbox 189 1448 382 1508; x_wconf 80' lang='grc' dir='ltr'><em>ἑτέραν</em></span> <span class='ocrx_word' id='word_1_152' title='bbox 409 1449 468 1494; x_wconf 82' lang='grc' dir='ltr'><em>δὲ</em></span> <span class='ocrx_word' id='word_1_153' title='bbox 495 1448 519 1494; x_wconf 89' lang='grc' dir='ltr'>ὁ</span> <span class='ocrx_word' id='word_1_154' title='bbox 542 1449 731 1509; x_wconf 79' lang='grc' dir='ltr'><em>ῥήτωρ.</em></span> <span class='ocrx_word' id='word_1_155' title='bbox 777 1449 882 1494; x_wconf 75' lang='lat' dir='ltr'>Alio</span> <span class='ocrx_word' id='word_1_156' title='bbox 916 1448 1294 1495; x_wconf 82' lang='grc' dir='ltr'><em>1000;”Επειτα</em></span> <span class='ocrx_word' id='word_1_157' title='bbox 1328 1450 1625 1509; x_wconf 80' lang='grc' dir='ltr'><em>ἀναφαίνε-</em></span> 
     </span>
     <span class='ocr_line' id='line_1_26' title="bbox 189 1511 1625 1573; baseline 0.001 -17"><span class='ocrx_word' id='word_1_158' title='bbox 189 1529 276 1556; x_wconf 87' lang='grc' dir='ltr'><em>ται</em></span> <span class='ocrx_word' id='word_1_159' title='bbox 308 1512 433 1568; x_wconf 80' lang='grc' dir='ltr'><em>περὶ</em></span> <span class='ocrx_word' id='word_1_160' title='bbox 466 1512 690 1557; x_wconf 91' lang='grc' dir='ltr'><em>πάντων</em></span> <span class='ocrx_word' id='word_1_161' title='bbox 723 1511 781 1558; x_wconf 82' lang='grc' dir='ltr'><em>ἐν</em></span> <span class='ocrx_word' id='word_1_162' title='bbox 813 1519 883 1573; x_wconf 76' lang='grc' dir='ltr'><em>τῷ</em></span> <span class='ocrx_word' id='word_1_163' title='bbox 915 1514 1241 1571; x_wconf 79' lang='grc' dir='ltr'><em>ψηφίσματι.</em></span> <span class='ocrx_word' id='word_1_164' title='bbox 1305 1512 1476 1558; x_wconf 83' lang='lat' dir='ltr'>Iterum</span> <span class='ocrx_word' id='word_1_165' title='bbox 1516 1513 1625 1558; x_wconf 84' lang='lat' dir='ltr'>alio:</span> 
     </span>
     <span class='ocr_line' id='line_1_27' title="bbox 185 1574 1626 1652; baseline 0.001 -33.003"><span class='ocrx_word' id='word_1_166' title='bbox 185 1575 313 1619; x_wconf 85' lang='grc' dir='ltr'><em>Ἀλλ’</em></span> <span class='ocrx_word' id='word_1_167' title='bbox 376 1574 754 1633; x_wconf 77' lang='grc' dir='ltr'><em>ἐγκαθήμενοι</em></span> <span class='ocrx_word' id='word_1_168' title='bbox 818 1575 906 1620; x_wconf 84' lang='grc' dir='ltr'><em>καὶ</em></span> <span class='ocrx_word' id='word_1_169' title='bbox 972 1574 1369 1634; x_wconf 78' lang='grc' dir='ltr'><em>ἐνεδρεύοντες</em></span> <span class='ocrx_word' id='word_1_170' title='bbox 1439 1574 1498 1620; x_wconf 81' lang='grc' dir='ltr'><em>ἐν</em></span> <span class='ocrx_word' id='word_1_171' title='bbox 1562 1580 1626 1652; x_wconf 81' lang='grc' dir='ltr'><em>τῇ</em></span> 
     </span>
     <span class='ocr_line' id='line_1_28' title="bbox 190 1636 1625 1697; baseline 0.001 -16"><span class='ocrx_word' id='word_1_172' title='bbox 190 1636 452 1695; x_wconf 79' lang='grc' dir='ltr'><em>ἀκροάσει</em></span> <span class='ocrx_word' id='word_1_173' title='bbox 493 1638 850 1683; x_wconf 85' lang='grc' dir='ltr'><em>εἰσελαύνετε</em></span> <span class='ocrx_word' id='word_1_174' title='bbox 891 1636 1061 1683; x_wconf 86' lang='grc' dir='ltr'><em>αὐτὸν</em></span> <span class='ocrx_word' id='word_1_175' title='bbox 1104 1639 1182 1691; x_wconf 81' lang='grc' dir='ltr'><em>εἰς</em></span> <span class='ocrx_word' id='word_1_176' title='bbox 1221 1640 1349 1691; x_wconf 86' lang='grc' dir='ltr'><em>τοὺς</em></span> <span class='ocrx_word' id='word_1_177' title='bbox 1382 1636 1625 1697; x_wconf 88' lang='grc' dir='ltr'><em>παρανό-</em></span> 
     </span>
     <span class='ocr_line' id='line_1_29' title="bbox 190 1698 1619 1759; baseline 0.001 -15"><span class='ocrx_word' id='word_1_178' title='bbox 190 1717 323 1757; x_wconf 86' lang='grc' dir='ltr'><em>μους</em></span> <span class='ocrx_word' id='word_1_179' title='bbox 351 1698 569 1758; x_wconf 87' lang='grc' dir='ltr'><em>λόγους.</em></span> <span class='ocrx_word' id='word_1_180' title='bbox 617 1699 748 1754; x_wconf 86' lang='lat' dir='ltr'><em>Quod</em></span> <span class='ocrx_word' id='word_1_181' title='bbox 775 1701 884 1745; x_wconf 85' lang='lat' dir='ltr'>adeo</span> <span class='ocrx_word' id='word_1_182' title='bbox 913 1701 1142 1759; x_wconf 84' lang='lat' dir='ltr'>probavit,</span> <span class='ocrx_word' id='word_1_183' title='bbox 1177 1704 1230 1745; x_wconf 89' lang='lat' dir='ltr'><em>ut</em></span> <span class='ocrx_word' id='word_1_184' title='bbox 1258 1703 1450 1759; x_wconf 88' lang='lat' dir='ltr'>repetat.</span> <span class='ocrx_word' id='word_1_185' title='bbox 1484 1698 1619 1746; x_wconf 84' lang='grc' dir='ltr'><em>Ἀλλ’</em></span> 
     </span>
     <span class='ocr_line' id='line_1_30' title="bbox 190 1762 1623 1822; baseline 0.001 -15"><span class='ocrx_word' id='word_1_186' title='bbox 190 1763 370 1820; x_wconf 83' lang='grc' dir='ltr'><em>ὥσπερ</em></span> <span class='ocrx_word' id='word_1_187' title='bbox 398 1762 457 1808; x_wconf 81' lang='grc' dir='ltr'><em>ἐν</em></span> <span class='ocrx_word' id='word_1_188' title='bbox 477 1770 595 1816; x_wconf 89' lang='grc' dir='ltr'><em>ταῖς</em></span> <span class='ocrx_word' id='word_1_189' title='bbox 620 1763 1016 1822; x_wconf 79' lang='grc' dir='ltr'><em>ἱπποδρομίαις</em></span> <span class='ocrx_word' id='word_1_190' title='bbox 1043 1764 1121 1817; x_wconf 87' lang='grc' dir='ltr'><em>εἰς</em></span> <span class='ocrx_word' id='word_1_191' title='bbox 1141 1762 1239 1808; x_wconf 87' lang='grc' dir='ltr'><em>τὸν</em></span> <span class='ocrx_word' id='word_1_192' title='bbox 1264 1779 1361 1808; x_wconf 91' lang='grc' dir='ltr'><em>του</em></span> <span class='ocrx_word' id='word_1_193' title='bbox 1385 1763 1623 1822; x_wconf 86' lang='grc' dir='ltr'><em>πράγμα-</em></span> 
     </span>
     <span class='ocr_line' id='line_1_31' title="bbox 190 1824 1622 1882; baseline 0.001 -13"><span class='ocrx_word' id='word_1_194' title='bbox 190 1842 281 1879; x_wconf 89' lang='grc' dir='ltr'><em>τος</em></span> <span class='ocrx_word' id='word_1_195' title='bbox 302 1824 473 1870; x_wconf 83' lang='grc' dir='ltr'><em>αὐτὸν</em></span> <span class='ocrx_word' id='word_1_196' title='bbox 494 1826 701 1882; x_wconf 87' lang='grc' dir='ltr'><em>δρόμον</em></span> <span class='ocrx_word' id='word_1_197' title='bbox 723 1827 1088 1871; x_wconf 81' lang='grc' dir='ltr'><em>εἰσελαύνετε.</em></span> <span class='ocrx_word' id='word_1_198' title='bbox 1128 1825 1226 1870; x_wconf 84' lang='grc' dir='ltr'>Ι3111</span> <span class='ocrx_word' id='word_1_199' title='bbox 1246 1826 1327 1871; x_wconf 80' lang='lat' dir='ltr'>issa</span> <span class='ocrx_word' id='word_1_200' title='bbox 1354 1826 1622 1872; x_wconf 86' lang='lat' dir='ltr'>custoditius</span> 
     </span>
    </p>
   </div>
   <div class='ocr_carea' id='block_1_7' title="bbox 1652 838 1688 865">
    <p class='ocr_par' dir='ltr' id='par_1_7' title="bbox 1652 838 1688 865">
     <span class='ocr_line' id='line_1_32' title="bbox 1652 838 1688 865; baseline 0.028 -1"><span class='ocrx_word' id='word_1_201' title='bbox 1652 838 1688 865; x_wconf 84' lang='lat'><em>10</em></span> 
     </span>
    </p>
   </div>
   <div class='ocr_carea' id='block_1_8' title="bbox 1653 1150 1688 1178">
    <p class='ocr_par' dir='ltr' id='par_1_8' title="bbox 1653 1150 1688 1178">
     <span class='ocr_line' id='line_1_33' title="bbox 1653 1150 1688 1178; baseline 0.029 -1"><span class='ocrx_word' id='word_1_202' title='bbox 1653 1150 1688 1178; x_wconf 86' lang='lat'><em>15</em></span> 
     </span>
    </p>
   </div>
   <div class='ocr_carea' id='block_1_9' title="bbox 1651 1464 1688 1491">
    <p class='ocr_par' dir='ltr' id='par_1_9' title="bbox 1651 1464 1688 1491">
     <span class='ocr_line' id='line_1_34' title="bbox 1651 1464 1688 1491; baseline 0.027 -1"><span class='ocrx_word' id='word_1_203' title='bbox 1651 1464 1688 1491; x_wconf 83' lang='lat'><em>20</em></span> 
     </span>
    </p>
   </div>
   <div class='ocr_carea' id='block_1_10' title="bbox 1650 1777 1685 1804">
    <p class='ocr_par' dir='ltr' id='par_1_10' title="bbox 1650 1777 1685 1804">
     <span class='ocr_line' id='line_1_35' title="bbox 1650 1777 1685 1804; baseline 0 0"><span class='ocrx_word' id='word_1_204' title='bbox 1650 1777 1685 1804; x_wconf 81' lang='lat'><em>25</em></span> 
     </span>
    </p>
   </div>
   <div class='ocr_carea' id='block_1_11' title="bbox 190 1887 1673 1947">
    <p class='ocr_par' dir='ltr' id='par_1_11' title="bbox 190 1887 1673 1947">
     <span class='ocr_line' id='line_1_36' title="bbox 190 1887 1673 1947; baseline 0.001 -15"><span class='ocrx_word' id='word_1_205' title='bbox 190 1889 494 1946; x_wconf 87' lang='lat' dir='ltr'>pressiusque:</span> <span class='ocrx_word' id='word_1_206' title='bbox 530 1890 609 1932; x_wconf 85' lang='grc' dir='ltr'><em>Σὺ</em></span> <span class='ocrx_word' id='word_1_207' title='bbox 639 1889 697 1933; x_wconf 80' lang='grc' dir='ltr'><em>δὲ</em></span> <span class='ocrx_word' id='word_1_208' title='bbox 727 1887 1060 1947; x_wconf 81' lang='grc' dir='ltr'><em>ἑλκοποιεῖς,</em></span> <span class='ocrx_word' id='word_1_209' title='bbox 1099 1889 1127 1947; x_wconf 77' lang='grc' dir='ltr'>ἢ</span> <span class='ocrx_word' id='word_1_210' title='bbox 1156 1889 1531 1946; x_wconf 86' lang='grc' dir='ltr'><em>συλλαβόντες</em></span> <span class='ocrx_word' id='word_1_211' title='bbox 1557 1889 1624 1942; x_wconf 84' lang='grc' dir='ltr'><em>ὡς</em></span> <span class='ocrx_word' id='word_1_212' title='bbox 1669 1910 1673 1912; x_wconf 95' lang='grc'><strong><em>·</em></strong></span> 
     </span>
    </p>
   </div>
   <div class='ocr_carea' id='block_1_12' title="bbox 191 1951 1626 2198">
    <p class='ocr_par' dir='ltr' id='par_1_12' title="bbox 191 1951 1626 2198">
     <span class='ocr_line' id='line_1_37' title="bbox 192 1951 1625 2013; baseline 0.001 -19"><span class='ocrx_word' id='word_1_213' title='bbox 192 1951 396 2013; x_wconf 84' lang='grc' dir='ltr'><em>λῃστὴν</em></span> <span class='ocrx_word' id='word_1_214' title='bbox 429 1958 534 1995; x_wconf 82' lang='grc' dir='ltr'><em>τῶν</em></span> <span class='ocrx_word' id='word_1_215' title='bbox 567 1951 898 2009; x_wconf 86' lang='grc' dir='ltr'><em>πραγμάτων</em></span> <span class='ocrx_word' id='word_1_216' title='bbox 932 1952 1023 1996; x_wconf 83' lang='grc' dir='ltr'><em>διὰ</em></span> <span class='ocrx_word' id='word_1_217' title='bbox 1055 1959 1148 2009; x_wconf 81' lang='grc' dir='ltr'><em>τῆς</em></span> <span class='ocrx_word' id='word_1_218' title='bbox 1181 1953 1468 2005; x_wconf 88' lang='grc' dir='ltr'><em>πολιτείας</em></span> <span class='ocrx_word' id='word_1_219' title='bbox 1498 1951 1625 1996; x_wconf 84' lang='grc' dir='ltr'><em>πλέ-</em></span> 
     </span>
     <span class='ocr_line' id='line_1_38' title="bbox 192 2013 1626 2072; baseline 0.001 -15"><span class='ocrx_word' id='word_1_220' title='bbox 192 2029 343 2070; x_wconf 90' lang='grc' dir='ltr'><em>οντα,</em></span> <span class='ocrx_word' id='word_1_221' title='bbox 378 2016 422 2057; x_wconf 91' lang='lat' dir='ltr'>et</span> <span class='ocrx_word' id='word_1_222' title='bbox 455 2013 571 2057; x_wconf 79' lang='lat' dir='ltr'>alia?</span> <span class='ocrx_word' id='word_1_223' title='bbox 635 2014 858 2072; x_wconf 79' lang='lat' dir='ltr'>Expecto,</span> <span class='ocrx_word' id='word_1_224' title='bbox 890 2017 942 2059; x_wconf 89' lang='lat' dir='ltr'><em>ut</em></span> <span class='ocrx_word' id='word_1_225' title='bbox 974 2015 1193 2072; x_wconf 88' lang='lat' dir='ltr'>quaedam</span> <span class='ocrx_word' id='word_1_226' title='bbox 1227 2031 1282 2059; x_wconf 82' lang='lat' dir='ltr'>ex</span> <span class='ocrx_word' id='word_1_227' title='bbox 1313 2014 1398 2059; x_wconf 87' lang='lat' dir='ltr'><em>hac</em></span> <span class='ocrx_word' id='word_1_228' title='bbox 1432 2015 1626 2072; x_wconf 83' lang='lat' dir='ltr'>epistula</span> 
     </span>
     <span class='ocr_line' id='line_1_39' title="bbox 191 2075 1623 2136; baseline 0.001 -17"><span class='ocrx_word' id='word_1_229' title='bbox 191 2079 242 2120; x_wconf 89' lang='lat' dir='ltr'><em>ut</em></span> <span class='ocrx_word' id='word_1_230' title='bbox 284 2075 399 2120; x_wconf 82' lang='lat' dir='ltr'><em>fflud</em></span> <span class='ocrx_word' id='word_1_231' title='bbox 446 2075 869 2134; x_wconf 69' lang='lat' dir='ltr'>‘gubernacula</span> <span class='ocrx_word' id='word_1_232' title='bbox 908 2077 1172 2136; x_wconf 87' lang='lat' dir='ltr'>gemunt’</span> <span class='ocrx_word' id='word_1_233' title='bbox 1212 2080 1257 2122; x_wconf 88' lang='lat' dir='ltr'>et</span> <span class='ocrx_word' id='word_1_234' title='bbox 1297 2076 1410 2121; x_wconf 69' lang='lat' dir='ltr'>edis</span> <span class='ocrx_word' id='word_1_235' title='bbox 1450 2077 1623 2122; x_wconf 85' lang='lat' dir='ltr'>maris</span> 
     </span>
     <span class='ocr_line' id='line_1_40' title="bbox 192 2138 1624 2198; baseline 0 -15"><span class='ocrx_word' id='word_1_236' title='bbox 192 2138 491 2196; x_wconf 86' lang='lat' dir='ltr'>proximus’</span> <span class='ocrx_word' id='word_1_237' title='bbox 535 2138 676 2183; x_wconf 83' lang='lat' dir='ltr'>isdem</span> <span class='ocrx_word' id='word_1_238' title='bbox 719 2140 839 2184; x_wconf 88' lang='lat' dir='ltr'>notis</span> <span class='ocrx_word' id='word_1_239' title='bbox 875 2140 1038 2196; x_wconf 86' lang='lat' dir='ltr'>quibus</span> <span class='ocrx_word' id='word_1_240' title='bbox 1073 2156 1143 2198; x_wconf 83' lang='grc'><em>03,</em></span> <span class='ocrx_word' id='word_1_241' title='bbox 1176 2140 1229 2184; x_wconf 90' lang='lat' dir='ltr'>de</span> <span class='ocrx_word' id='word_1_242' title='bbox 1264 2140 1428 2198; x_wconf 89' lang='lat' dir='ltr'>quibus</span> <span class='ocrx_word' id='word_1_243' title='bbox 1462 2140 1624 2197; x_wconf 80' lang='lat' dir='ltr'>scribo,</span> 
     </span>
    </p>
   </div>
   <div class='ocr_carea' id='block_1_13' title="bbox 193 2274 1624 2571">
    <p class='ocr_par' dir='ltr' id='par_1_13' title="bbox 193 2274 1624 2570">
     <span class='ocr_line' id='line_1_41' title="bbox 293 2274 1622 2313; baseline 0.002 -4"><span class='ocrx_word' id='word_1_244' title='bbox 293 2278 314 2309; x_wconf 81' lang='lat'><strong>2</strong></span> <span class='ocrx_word' id='word_1_245' title='bbox 336 2274 447 2310; x_wconf 85' lang='lat' dir='ltr'><em>Dem.</em></span> <span class='ocrx_word' id='word_1_246' title='bbox 470 2274 602 2311; x_wconf 92' lang='lat' dir='ltr'><em>XXV</em></span> <span class='ocrx_word' id='word_1_247' title='bbox 618 2277 676 2311; x_wconf 80' lang='lat'><em>76.</em></span> <span class='ocrx_word' id='word_1_248' title='bbox 778 2279 801 2311; x_wconf 79' lang='lat'>4</span> <span class='ocrx_word' id='word_1_249' title='bbox 828 2276 923 2313; x_wconf 82' lang='lat' dir='ltr'>ibid.</span> <span class='ocrx_word' id='word_1_250' title='bbox 944 2279 977 2313; x_wconf 79' lang='lat'><em>7.</em></span> <span class='ocrx_word' id='word_1_251' title='bbox 1084 2280 1103 2312; x_wconf 82' lang='lat'><strong>7</strong></span> <span class='ocrx_word' id='word_1_252' title='bbox 1131 2276 1225 2313; x_wconf 83' lang='lat' dir='ltr'>ibid.</span> <span class='ocrx_word' id='word_1_253' title='bbox 1241 2279 1301 2313; x_wconf 80' lang='lat'><em>48.</em></span> <span class='ocrx_word' id='word_1_254' title='bbox 1399 2278 1420 2310; x_wconf 89' lang='grc'><strong>9</strong></span> <span class='ocrx_word' id='word_1_255' title='bbox 1447 2275 1540 2312; x_wconf 70' lang='lat' dir='ltr'>ibid.</span> <span class='ocrx_word' id='word_1_256' title='bbox 1562 2278 1622 2312; x_wconf 74' lang='lat'><em>46.</em></span> 
     </span>
     <span class='ocr_line' id='line_1_42' title="bbox 194 2324 1624 2373; baseline 0.002 -14"><span class='ocrx_word' id='word_1_257' title='bbox 194 2328 239 2359; x_wconf 83' lang='lat'><em>12</em></span> <span class='ocrx_word' id='word_1_258' title='bbox 261 2325 395 2361; x_wconf 78' lang='lat' dir='ltr'><em>Aeseh.</em></span> <span class='ocrx_word' id='word_1_259' title='bbox 411 2324 608 2362; x_wconf 79' lang='lat' dir='ltr'><em>Otes.167.</em></span> <span class='ocrx_word' id='word_1_260' title='bbox 714 2328 758 2360; x_wconf 84' lang='lat'><em>15</em></span> <span class='ocrx_word' id='word_1_261' title='bbox 787 2325 836 2361; x_wconf 88' lang='lat' dir='ltr'><em>ob</em></span> <span class='ocrx_word' id='word_1_262' title='bbox 857 2325 931 2362; x_wconf 87' lang='lat' dir='ltr'>hoe</span> <span class='ocrx_word' id='word_1_263' title='bbox 953 2337 1109 2373; x_wconf 89' lang='lat' dir='ltr'>quoque</span> <span class='ocrx_word' id='word_1_264' title='bbox 1129 2339 1166 2372; x_wconf 88' lang='lat' dir='ltr'><em>a,</em></span> <span class='ocrx_word' id='word_1_265' title='bbox 1187 2325 1237 2362; x_wconf 88' lang='lat' dir='ltr'><em>ob</em></span> <span class='ocrx_word' id='word_1_266' title='bbox 1257 2325 1354 2362; x_wconf 82' lang='lat' dir='ltr'>haec</span> <span class='ocrx_word' id='word_1_267' title='bbox 1376 2333 1452 2372; x_wconf 77' lang='lat' dir='ltr'><em>ps‘,</em></span> <span class='ocrx_word' id='word_1_268' title='bbox 1474 2325 1624 2372; x_wconf 66' lang='lat' dir='ltr'>Muell„</span> 
     </span>
     <span class='ocr_line' id='line_1_43' title="bbox 193 2373 1624 2423; baseline 0.002 -14"><span class='ocrx_word' id='word_1_269' title='bbox 193 2373 242 2410; x_wconf 93' lang='lat' dir='ltr'><em>ob</em></span> <span class='ocrx_word' id='word_1_270' title='bbox 268 2373 343 2410; x_wconf 87' lang='lat' dir='ltr'><em>hoc</em></span> <span class='ocrx_word' id='word_1_271' title='bbox 363 2374 419 2420; x_wconf 88' lang='lat' dir='ltr'><em>D,</em></span> <span class='ocrx_word' id='word_1_272' title='bbox 445 2373 495 2411; x_wconf 94' lang='lat' dir='ltr'><em>ob</em></span> <span class='ocrx_word' id='word_1_273' title='bbox 514 2373 614 2410; x_wconf 85' lang='lat' dir='ltr'>haec</span> <span class='ocrx_word' id='word_1_274' title='bbox 635 2386 791 2421; x_wconf 87' lang='lat' dir='ltr'>quoque</span> <span class='ocrx_word' id='word_1_275' title='bbox 811 2376 864 2412; x_wconf 92' lang='lat' dir='ltr'><strong><em>K</em></strong></span> <span class='ocrx_word' id='word_1_276' title='bbox 968 2379 1013 2412; x_wconf 83' lang='lat'><em>17</em></span> <span class='ocrx_word' id='word_1_277' title='bbox 1035 2376 1169 2413; x_wconf 83' lang='lat' dir='ltr'>Aesch.</span> <span class='ocrx_word' id='word_1_278' title='bbox 1191 2375 1288 2414; x_wconf 80' lang='lat' dir='ltr'><em>otes.</em></span> <span class='ocrx_word' id='word_1_279' title='bbox 1309 2378 1367 2412; x_wconf 88' lang='lat'><em>16.</em></span> <span class='ocrx_word' id='word_1_280' title='bbox 1387 2396 1439 2402; x_wconf 94' lang='lat'>—</span> <span class='ocrx_word' id='word_1_281' title='bbox 1463 2377 1540 2412; x_wconf 82' lang='grc' dir='ltr'><em>Δεῖ</em></span> <span class='ocrx_word' id='word_1_282' title='bbox 1548 2387 1624 2423; x_wconf 77' lang='lat' dir='ltr'><em>pro</em></span> 
     </span>
     <span class='ocr_line' id='line_1_44' title="bbox 193 2422 1623 2473; baseline 0.002 -14"><span class='ocrx_word' id='word_1_283' title='bbox 193 2422 278 2471; x_wconf 86' lang='grc' dir='ltr'><em>Χρὴ</em></span> <span class='ocrx_word' id='word_1_284' title='bbox 299 2424 352 2460; x_wconf 90' lang='grc' dir='ltr'><em>Κ.</em></span> <span class='ocrx_word' id='word_1_285' title='bbox 367 2425 401 2460; x_wconf 91' lang='grc' dir='ltr'><em>Ι.</em></span> <span class='ocrx_word' id='word_1_286' title='bbox 480 2427 527 2460; x_wconf 79' lang='lat'><em>20</em></span> <span class='ocrx_word' id='word_1_287' title='bbox 547 2424 642 2461; x_wconf 76' lang='lat' dir='ltr'>ibid.</span> <span class='ocrx_word' id='word_1_288' title='bbox 664 2428 749 2461; x_wconf 87' lang='grc'>101.</span> <span class='ocrx_word' id='word_1_289' title='bbox 827 2429 873 2462; x_wconf 82' lang='grc'>21</span> <span class='ocrx_word' id='word_1_290' title='bbox 896 2424 938 2462; x_wconf 81' lang='grc' dir='ltr'><em>ἐν</em></span> <span class='ocrx_word' id='word_1_291' title='bbox 958 2431 1011 2462; x_wconf 84' lang='grc' dir='ltr'><em>τῶ</em></span> <span class='ocrx_word' id='word_1_292' title='bbox 1032 2440 1134 2473; x_wconf 85' lang='grc' dir='ltr'><em>φωτι</em></span> <span class='ocrx_word' id='word_1_293' title='bbox 1155 2426 1207 2463; x_wconf 89' lang='lat' dir='ltr'><em>K.</em></span> <span class='ocrx_word' id='word_1_294' title='bbox 1222 2426 1258 2462; x_wconf 92' lang='lat' dir='ltr'><em>I.</em></span> <span class='ocrx_word' id='word_1_295' title='bbox 1349 2428 1395 2461; x_wconf 80' lang='lat'><em>22</em></span> <span class='ocrx_word' id='word_1_296' title='bbox 1423 2425 1516 2463; x_wconf 76' lang='lat' dir='ltr'>ibid.</span> <span class='ocrx_word' id='word_1_297' title='bbox 1535 2428 1623 2463; x_wconf 80' lang='lat'><em>206.</em></span> 
     </span>
     <span class='ocr_line' id='line_1_45' title="bbox 194 2463 1623 2522; baseline 0.001 -12"><span class='ocrx_word' id='word_1_298' title='bbox 194 2477 241 2510; x_wconf 83' lang='lat'><em>24</em></span> <span class='ocrx_word' id='word_1_299' title='bbox 256 2473 390 2511; x_wconf 79' lang='lat' dir='ltr'>Aeseh.</span> <span class='ocrx_word' id='word_1_300' title='bbox 410 2474 598 2511; x_wconf 79' lang='lat' dir='ltr'>Timareh.</span> <span class='ocrx_word' id='word_1_301' title='bbox 615 2478 699 2512; x_wconf 81' lang='lat'><em>176.</em></span> <span class='ocrx_word' id='word_1_302' title='bbox 778 2478 825 2512; x_wconf 81' lang='lat'><em>26</em></span> <span class='ocrx_word' id='word_1_303' title='bbox 846 2463 1082 2512; x_wconf 83' lang='lat' dir='ltr'>eustod1tius</span> <span class='ocrx_word' id='word_1_304' title='bbox 1097 2489 1133 2522; x_wconf 87' lang='lat' dir='ltr'><em>a,</em></span> <span class='ocrx_word' id='word_1_305' title='bbox 1149 2476 1200 2512; x_wconf 90' lang='lat' dir='ltr'><em>K.</em></span> <span class='ocrx_word' id='word_1_306' title='bbox 1213 2476 1273 2522; x_wconf 92' lang='lat' dir='ltr'><em>II,</em></span> <span class='ocrx_word' id='word_1_307' title='bbox 1289 2475 1441 2521; x_wconf 61' lang='lat' dir='ltr'>Muell„</span> <span class='ocrx_word' id='word_1_308' title='bbox 1454 2486 1623 2512; x_wconf 88' lang='lat' dir='ltr'>commo-</span> 
     </span>
     <span class='ocr_line' id='line_1_46' title="bbox 194 2523 1621 2571; baseline 0.003 -12"><span class='ocrx_word' id='word_1_309' title='bbox 194 2524 283 2561; x_wconf 86' lang='lat' dir='ltr'>dius</span> <span class='ocrx_word' id='word_1_310' title='bbox 311 2523 388 2570; x_wconf 76' lang='lat' dir='ltr'><em>Dp</em></span> <span class='ocrx_word' id='word_1_311' title='bbox 400 2532 441 2569; x_wconf 79' lang='grc' dir='ltr'><em>ς,</em></span> <span class='ocrx_word' id='word_1_312' title='bbox 468 2524 519 2560; x_wconf 84' lang='lat' dir='ltr'><em>K.</em></span> <span class='ocrx_word' id='word_1_313' title='bbox 536 2525 570 2561; x_wconf 82' lang='lat' dir='ltr'><em>J.</em></span> <span class='ocrx_word' id='word_1_314' title='bbox 674 2528 719 2560; x_wconf 84' lang='grc'><em>27</em></span> <span class='ocrx_word' id='word_1_315' title='bbox 748 2525 882 2563; x_wconf 78' lang='lat' dir='ltr'>Aesch.</span> <span class='ocrx_word' id='word_1_316' title='bbox 905 2526 999 2563; x_wconf 81' lang='lat' dir='ltr'>Ctes</span> <span class='ocrx_word' id='word_1_317' title='bbox 1021 2529 1110 2571; x_wconf 77' lang='lat'><em>208,</em></span> <span class='ocrx_word' id='word_1_318' title='bbox 1135 2528 1223 2564; x_wconf 69' lang='lat'><em>253.</em></span> <span class='ocrx_word' id='word_1_319' title='bbox 1328 2529 1373 2562; x_wconf 81' lang='lat'><em>29</em></span> <span class='ocrx_word' id='word_1_320' title='bbox 1403 2526 1446 2561; x_wconf 91' lang='lat' dir='ltr'><em>ut</em></span> <span class='ocrx_word' id='word_1_321' title='bbox 1466 2537 1538 2563; x_wconf 89' lang='lat' dir='ltr'><em>om</em></span> <span class='ocrx_word' id='word_1_322' title='bbox 1557 2535 1621 2563; x_wconf 74' lang='grc' dir='ltr'><em>νς.</em></span> 
     </span>
    </p>
   </div>
   <div class='ocr_carea' id='block_1_14' title="bbox 1651 2081 1716 2134">
    <p class='ocr_par' dir='ltr' id='par_1_14' title="bbox 1651 2081 1716 2134">
     <span class='ocr_line' id='line_1_47' title="bbox 1651 2081 1716 2134; baseline -0.015 -18"><span class='ocrx_word' id='word_1_323' title='bbox 1651 2081 1716 2134; x_wconf 63' lang='lat'><em>3⁰.</em></span> 
     </span>
    </p>
   </div>
   <div class='ocr_carea' id='block_1_15' title="bbox 1707 2460 1716 2591">
    <p class='ocr_par' dir='ltr' id='par_1_15' title="bbox 1707 2460 1716 2591">
     <span class='ocr_line' id='line_1_48' title="bbox 1708 2460 1716 2494; baseline 0 0"><span class='ocrx_word' id='word_1_324' title='bbox 1708 2460 1716 2494; x_wconf 62' lang='grc' dir='ltr'><strong>ἓ</strong></span> 
     </span>
     <span class='ocr_line' id='line_1_49' title="bbox 1707 2505 1716 2591; baseline 0 0"><span class='ocrx_word' id='word_1_325' title='bbox 1707 2505 1716 2591; x_wconf 66' lang='grc' dir='ltr'><strong>ἱ</strong></span> 
     </span>
    </p>
   </div>
  </div>
 </body>
</html>
