<?xml version="1.0" encoding="UTF-8"?>
<!DOCTYPE html PUBLIC "-//W3C//DTD XHTML 1.0 Transitional//EN"
    "http://www.w3.org/TR/xhtml1/DTD/xhtml1-transitional.dtd">
<html xmlns="http://www.w3.org/1999/xhtml" xml:lang="en" lang="en">
 <head>
  <title>
</title>
<meta http-equiv="Content-Type" content="text/html;charset=utf-8" />
  <meta name='ocr-system' content='tesseract 3.04.00' />
  <meta name='ocr-capabilities' content='ocr_page ocr_carea ocr_par ocr_line ocrx_word'/>
</head>
<body>
  <div class='ocr_page' id='page_1' title='image "./epistularumlibr00plin_0244.png"; bbox 0 0 1716 2742; ppageno 0'>
   <div class='ocr_carea' id='block_1_1' title="bbox 169 1970 188 2000">
    <p class='ocr_par' dir='ltr' id='par_1_1' title="bbox 169 1970 188 2000">
     <span class='ocr_line' id='line_1_1' title="bbox 169 1970 188 2000; baseline 0 0"><span class='ocrx_word' id='word_1_1' title='bbox 169 1970 188 2000; x_wconf 88' lang='lat'>1</span> 
     </span>
    </p>
   </div>
   <div class='ocr_carea' id='block_1_2' title="bbox 210 107 1027 160">
    <p class='ocr_par' dir='ltr' id='par_1_2' title="bbox 210 107 1027 160">
     <span class='ocr_line' id='line_1_2' title="bbox 210 107 1027 160; baseline -0.021 0"><span class='ocrx_word' id='word_1_2' title='bbox 210 115 300 160; x_wconf 78' lang='lat'><strong>228</strong></span> <span class='ocrx_word' id='word_1_3' title='bbox 821 108 861 146; x_wconf 88' lang='lat' dir='ltr'><strong>C.</strong></span> <span class='ocrx_word' id='word_1_4' title='bbox 888 108 1007 145; x_wconf 82' lang='lat' dir='ltr'>PLIN</span> <span class='ocrx_word' id='word_1_5' title='bbox 1009 107 1027 144; x_wconf 89' lang='lat'>1</span> 
     </span>
    </p>
   </div>
   <div class='ocr_carea' id='block_1_3' title="bbox 209 219 1644 530">
    <p class='ocr_par' dir='ltr' id='par_1_3' title="bbox 209 219 1644 530">
     <span class='ocr_line' id='line_1_3' title="bbox 209 219 1641 282; baseline -0.006 -10"><span class='ocrx_word' id='word_1_6' title='bbox 209 231 253 272; x_wconf 94' lang='lat' dir='ltr'><strong>et</strong></span> <span class='ocrx_word' id='word_1_7' title='bbox 287 227 442 271; x_wconf 91' lang='lat' dir='ltr'><strong>amicis</strong></span> <span class='ocrx_word' id='word_1_8' title='bbox 477 228 519 269; x_wconf 88' lang='lat' dir='ltr'><strong>et</strong></span> <span class='ocrx_word' id='word_1_9' title='bbox 552 225 727 282; x_wconf 81' lang='lat' dir='ltr'>paucis,</span> <span class='ocrx_word' id='word_1_10' title='bbox 762 223 808 267; x_wconf 89' lang='lat' dir='ltr'><strong>id</strong></span> <span class='ocrx_word' id='word_1_11' title='bbox 842 225 910 267; x_wconf 88' lang='lat' dir='ltr'><strong>est</strong></span> <span class='ocrx_word' id='word_1_12' title='bbox 942 223 1104 266; x_wconf 88' lang='lat' dir='ltr'><strong>iterum</strong></span> <span class='ocrx_word' id='word_1_13' title='bbox 1139 219 1318 277; x_wconf 82' lang='lat' dir='ltr'><strong>amieis,</strong></span> <span class='ocrx_word' id='word_1_14' title='bbox 1351 221 1451 266; x_wconf 82' lang='lat' dir='ltr'><strong>foro</strong></span> <span class='ocrx_word' id='word_1_15' title='bbox 1485 223 1530 265; x_wconf 89' lang='lat' dir='ltr'><strong>et</strong></span> <span class='ocrx_word' id='word_1_16' title='bbox 1562 235 1641 265; x_wconf 89' lang='lat' dir='ltr'><strong>ne-</strong></span> 
     </span>
     <span class='ocr_line' id='line_1_4' title="bbox 209 284 1642 350; baseline -0.006 -15"><span class='ocrx_word' id='word_1_17' title='bbox 209 290 346 350; x_wconf 87' lang='lat' dir='ltr'><strong>gotiis</strong></span> <span class='ocrx_word' id='word_1_18' title='bbox 367 304 459 333; x_wconf 89' lang='lat' dir='ltr'><strong>non</strong></span> <span class='ocrx_word' id='word_1_19' title='bbox 487 287 816 331; x_wconf 73' lang='lat' dir='ltr'>abstinuissem.</span> <span class='ocrx_word' id='word_1_20' title='bbox 860 284 1028 329; x_wconf 88' lang='lat' dir='ltr'><strong>Addidi</strong></span> <span class='ocrx_word' id='word_1_21' title='bbox 1053 284 1176 328; x_wconf 88' lang='lat' dir='ltr'><strong>hunc</strong></span> <span class='ocrx_word' id='word_1_22' title='bbox 1203 284 1408 328; x_wconf 85' lang='lat' dir='ltr'><strong>ordinem</strong></span> <span class='ocrx_word' id='word_1_23' title='bbox 1431 299 1502 328; x_wconf 91' lang='lat' dir='ltr'><strong>me</strong></span> <span class='ocrx_word' id='word_1_24' title='bbox 1530 286 1575 328; x_wconf 92' lang='lat' dir='ltr'><strong>et</strong></span> <span class='ocrx_word' id='word_1_25' title='bbox 1594 284 1642 327; x_wconf 89' lang='lat' dir='ltr'><strong>in</strong></span> 
     </span>
     <span class='ocr_line' id='line_1_5' title="bbox 210 346 1643 407; baseline -0.006 -10"><span class='ocrx_word' id='word_1_26' title='bbox 210 351 444 397; x_wconf 87' lang='lat' dir='ltr'><strong>scribendo</strong></span> <span class='ocrx_word' id='word_1_27' title='bbox 492 349 636 407; x_wconf 87' lang='lat' dir='ltr'><strong>sequi,</strong></span> <span class='ocrx_word' id='word_1_28' title='bbox 702 351 753 392; x_wconf 92' lang='lat' dir='ltr'><strong>ut</strong></span> <span class='ocrx_word' id='word_1_29' title='bbox 803 347 1092 392; x_wconf 70' lang='lat' dir='ltr'><strong>necessitates</strong></span> <span class='ocrx_word' id='word_1_30' title='bbox 1145 346 1478 404; x_wconf 86' lang='lat' dir='ltr'><strong>voluptatibus,</strong></span> <span class='ocrx_word' id='word_1_31' title='bbox 1528 346 1643 390; x_wconf 87' lang='lat' dir='ltr'><strong>seria</strong></span> 
     </span>
     <span class='ocr_line' id='line_1_6' title="bbox 209 407 1643 468; baseline -0.005 -10"><span class='ocrx_word' id='word_1_32' title='bbox 209 414 414 459; x_wconf 90' lang='lat' dir='ltr'><strong>iucundis</strong></span> <span class='ocrx_word' id='word_1_33' title='bbox 448 412 717 456; x_wconf 75' lang='lat' dir='ltr'><strong>anteferrem</strong></span> <span class='ocrx_word' id='word_1_34' title='bbox 751 425 803 455; x_wconf 88' lang='lat' dir='ltr'><strong>ac</strong></span> <span class='ocrx_word' id='word_1_35' title='bbox 829 410 1027 468; x_wconf 88' lang='lat' dir='ltr'><strong>primum</strong></span> <span class='ocrx_word' id='word_1_36' title='bbox 1054 409 1231 466; x_wconf 81' lang='lat' dir='ltr'><strong>amiciS,</strong></span> <span class='ocrx_word' id='word_1_37' title='bbox 1249 407 1359 453; x_wconf 76' lang='lat' dir='ltr'><strong>&#39;tum</strong></span> <span class='ocrx_word' id='word_1_38' title='bbox 1392 409 1504 453; x_wconf 92' lang='lat' dir='ltr'><strong>mihi</strong></span> <span class='ocrx_word' id='word_1_39' title='bbox 1538 409 1643 452; x_wconf 86' lang='lat' dir='ltr'><strong>scri-</strong></span> 
     </span>
     <span class='ocr_line' id='line_1_7' title="bbox 210 469 1644 530; baseline -0.005 -9"><span class='ocrx_word' id='word_1_40' title='bbox 210 479 370 521; x_wconf 86' lang='lat' dir='ltr'><strong>berem.</strong></span> <span class='ocrx_word' id='word_1_41' title='bbox 436 474 572 519; x_wconf 88' lang='lat' dir='ltr'><strong>Liber</strong></span> <span class='ocrx_word' id='word_1_42' title='bbox 610 473 699 517; x_wconf 86' lang='lat' dir='ltr'><strong>fuit</strong></span> <span class='ocrx_word' id='word_1_43' title='bbox 731 475 776 517; x_wconf 89' lang='lat' dir='ltr'><strong>et</strong></span> <span class='ocrx_word' id='word_1_44' title='bbox 809 472 1039 530; x_wconf 76' lang='lat' dir='ltr'><strong>opusculis</strong></span> <span class='ocrx_word' id='word_1_45' title='bbox 1079 472 1230 516; x_wconf 85' lang='lat' dir='ltr'><strong>varius</strong></span> <span class='ocrx_word' id='word_1_46' title='bbox 1265 473 1310 515; x_wconf 86' lang='lat' dir='ltr'><strong>et</strong></span> <span class='ocrx_word' id='word_1_47' title='bbox 1341 471 1509 516; x_wconf 83' lang='lat' dir='ltr'><strong>metris.</strong></span> <span class='ocrx_word' id='word_1_48' title='bbox 1573 469 1644 515; x_wconf 87' lang='lat' dir='ltr'><strong>Ita</strong></span> 
     </span>
    </p>
   </div>
   <div class='ocr_carea' id='block_1_4' title="bbox 211 533 1675 595">
    <p class='ocr_par' dir='ltr' id='par_1_4' title="bbox 211 533 1675 595">
     <span class='ocr_line' id='line_1_8' title="bbox 211 533 1675 595; baseline -0.005 -11"><span class='ocrx_word' id='word_1_49' title='bbox 211 540 426 595; x_wconf 87' lang='lat' dir='ltr'><strong>solemus,</strong></span> <span class='ocrx_word' id='word_1_50' title='bbox 460 537 538 594; x_wconf 92' lang='lat' dir='ltr'><strong>qui</strong></span> <span class='ocrx_word' id='word_1_51' title='bbox 571 536 754 595; x_wconf 81' lang='lat' dir='ltr'><strong>ingenio</strong></span> <span class='ocrx_word' id='word_1_52' title='bbox 788 550 949 593; x_wconf 90' lang='lat' dir='ltr'><strong>parum</strong></span> <span class='ocrx_word' id='word_1_53' title='bbox 982 534 1164 579; x_wconf 91' lang='lat' dir='ltr'><strong>fidimus</strong></span> <span class='ocrx_word' id='word_1_54' title='bbox 1172 533 1437 591; x_wconf 61' lang='lat' dir='ltr'><strong>,satietatis</strong></span> <span class='ocrx_word' id='word_1_55' title='bbox 1470 533 1643 591; x_wconf 87' lang='lat' dir='ltr'><strong>pericu·</strong></span> <span class='ocrx_word' id='word_1_56' title='bbox 1666 545 1675 558; x_wconf 86' lang='lat'><strong><em>‘</em></strong></span> 
     </span>
    </p>
   </div>
   <div class='ocr_carea' id='block_1_5' title="bbox 208 595 1651 1724">
    <p class='ocr_par' dir='ltr' id='par_1_5' title="bbox 208 595 1651 1724">
     <span class='ocr_line' id='line_1_9' title="bbox 208 595 1643 659; baseline -0.004 -14"><span class='ocrx_word' id='word_1_57' title='bbox 208 603 303 645; x_wconf 91' lang='lat' dir='ltr'><strong>lum</strong></span> <span class='ocrx_word' id='word_1_58' title='bbox 337 601 503 659; x_wconf 83' lang='lat' dir='ltr'><strong>fugere.</strong></span> <span class='ocrx_word' id='word_1_59' title='bbox 551 598 757 643; x_wconf 80' lang='lat' dir='ltr'><strong>Recitavi</strong></span> <span class='ocrx_word' id='word_1_60' title='bbox 789 597 939 641; x_wconf 90' lang='lat' dir='ltr'><strong>biduo.</strong></span> <span class='ocrx_word' id='word_1_61' title='bbox 986 596 1088 641; x_wconf 91' lang='lat' dir='ltr'><strong>Hoc</strong></span> <span class='ocrx_word' id='word_1_62' title='bbox 1115 596 1329 641; x_wconf 85' lang='lat' dir='ltr'><strong>adsensus</strong></span> <span class='ocrx_word' id='word_1_63' title='bbox 1363 595 1643 640; x_wconf 86' lang='lat' dir='ltr'><strong>audientium</strong></span> 
     </span>
     <span class='ocr_line' id='line_1_10' title="bbox 209 658 1645 722; baseline -0.005 -14"><span class='ocrx_word' id='word_1_64' title='bbox 209 664 369 722; x_wconf 84' lang='lat' dir='ltr'><strong>exegit.</strong></span> <span class='ocrx_word' id='word_1_65' title='bbox 421 661 483 706; x_wconf 86' lang='lat' dir='ltr'><strong>Et</strong></span> <span class='ocrx_word' id='word_1_66' title='bbox 508 664 678 718; x_wconf 89' lang='lat' dir='ltr'><strong>tamen,</strong></span> <span class='ocrx_word' id='word_1_67' title='bbox 711 664 763 705; x_wconf 92' lang='lat' dir='ltr'><strong>ut</strong></span> <span class='ocrx_word' id='word_1_68' title='bbox 789 660 867 704; x_wconf 88' lang='lat' dir='ltr'><strong>alii</strong></span> <span class='ocrx_word' id='word_1_69' title='bbox 892 662 1127 704; x_wconf 90' lang='lat' dir='ltr'><strong>transeunt</strong></span> <span class='ocrx_word' id='word_1_70' title='bbox 1155 658 1373 717; x_wconf 90' lang='lat' dir='ltr'><strong>quaedam</strong></span> <span class='ocrx_word' id='word_1_71' title='bbox 1401 658 1645 716; x_wconf 82' lang='lat' dir='ltr'><strong>imputant-</strong></span> 
     </span>
     <span class='ocr_line' id='line_1_11' title="bbox 210 722 1644 784; baseline -0.004 -14"><span class='ocrx_word' id='word_1_72' title='bbox 210 742 315 784; x_wconf 86' lang='lat' dir='ltr'><strong>que,</strong></span> <span class='ocrx_word' id='word_1_73' title='bbox 363 725 484 783; x_wconf 92' lang='lat' dir='ltr'><strong>quod</strong></span> <span class='ocrx_word' id='word_1_74' title='bbox 526 726 775 780; x_wconf 87' lang='lat' dir='ltr'><strong>transeant,</strong></span> <span class='ocrx_word' id='word_1_75' title='bbox 831 723 896 767; x_wconf 86' lang='lat' dir='ltr'><strong>sic</strong></span> <span class='ocrx_word' id='word_1_76' title='bbox 943 737 1026 780; x_wconf 90' lang='lat' dir='ltr'><strong>ego</strong></span> <span class='ocrx_word' id='word_1_77' title='bbox 1070 722 1187 766; x_wconf 87' lang='lat' dir='ltr'><strong>nihil</strong></span> <span class='ocrx_word' id='word_1_78' title='bbox 1231 723 1462 779; x_wconf 87' lang='lat' dir='ltr'><strong>praetereo</strong></span> <span class='ocrx_word' id='word_1_79' title='bbox 1510 722 1644 778; x_wconf 86' lang='lat' dir='ltr'><strong>atque</strong></span> 
     </span>
     <span class='ocr_line' id='line_1_12' title="bbox 210 783 1644 844; baseline -0.004 -11"><span class='ocrx_word' id='word_1_80' title='bbox 210 789 345 833; x_wconf 88' lang='lat' dir='ltr'><strong>etiam</strong></span> <span class='ocrx_word' id='word_1_81' title='bbox 396 803 490 832; x_wconf 89' lang='lat' dir='ltr'><strong>non</strong></span> <span class='ocrx_word' id='word_1_82' title='bbox 542 787 783 844; x_wconf 89' lang='lat' dir='ltr'><strong>praeterire</strong></span> <span class='ocrx_word' id='word_1_83' title='bbox 835 801 906 830; x_wconf 93' lang='lat' dir='ltr'><strong>me</strong></span> <span class='ocrx_word' id='word_1_84' title='bbox 959 785 1071 829; x_wconf 90' lang='lat' dir='ltr'><strong>dico.</strong></span> <span class='ocrx_word' id='word_1_85' title='bbox 1137 783 1260 843; x_wconf 85' lang='lat' dir='ltr'><strong>Lego</strong></span> <span class='ocrx_word' id='word_1_86' title='bbox 1314 784 1433 828; x_wconf 92' lang='lat' dir='ltr'><strong>enim</strong></span> <span class='ocrx_word' id='word_1_87' title='bbox 1481 783 1644 840; x_wconf 83' lang='lat' dir='ltr'><strong>omnia,</strong></span> 
     </span>
     <span class='ocr_line' id='line_1_13' title="bbox 210 846 1647 906; baseline -0.004 -11"><span class='ocrx_word' id='word_1_88' title='bbox 210 854 261 895; x_wconf 95' lang='lat' dir='ltr'><strong>ut</strong></span> <span class='ocrx_word' id='word_1_89' title='bbox 288 850 440 895; x_wconf 90' lang='lat' dir='ltr'><strong>omnia</strong></span> <span class='ocrx_word' id='word_1_90' title='bbox 466 849 716 905; x_wconf 89' lang='lat' dir='ltr'><strong>emendem,</strong></span> <span class='ocrx_word' id='word_1_91' title='bbox 752 847 873 906; x_wconf 92' lang='lat' dir='ltr'><strong>quod</strong></span> <span class='ocrx_word' id='word_1_92' title='bbox 901 848 1162 906; x_wconf 87' lang='lat' dir='ltr'><strong>contingere</strong></span> <span class='ocrx_word' id='word_1_93' title='bbox 1195 861 1289 891; x_wconf 92' lang='lat' dir='ltr'><strong>non</strong></span> <span class='ocrx_word' id='word_1_94' title='bbox 1321 848 1471 904; x_wconf 91' lang='lat' dir='ltr'><strong>potest</strong></span> <span class='ocrx_word' id='word_1_95' title='bbox 1504 846 1647 890; x_wconf 87' lang='lat' dir='ltr'><strong>electa</strong></span> 
     </span>
     <span class='ocr_line' id='line_1_14' title="bbox 210 907 1647 965; baseline -0.004 -7"><span class='ocrx_word' id='word_1_96' title='bbox 210 913 516 958; x_wconf 87' lang='lat' dir='ltr'><strong>recitantibus.</strong></span> <span class='ocrx_word' id='word_1_97' title='bbox 581 911 644 956; x_wconf 92' lang='lat' dir='ltr'><strong>At</strong></span> <span class='ocrx_word' id='word_1_98' title='bbox 663 911 777 955; x_wconf 86' lang='lat' dir='ltr'><strong>illud</strong></span> <span class='ocrx_word' id='word_1_99' title='bbox 799 911 1047 955; x_wconf 88' lang='lat' dir='ltr'><strong>modestius</strong></span> <span class='ocrx_word' id='word_1_100' title='bbox 1075 912 1120 954; x_wconf 90' lang='lat' dir='ltr'><strong>et</strong></span> <span class='ocrx_word' id='word_1_101' title='bbox 1138 909 1330 954; x_wconf 86' lang='lat' dir='ltr'><strong>fortasse</strong></span> <span class='ocrx_word' id='word_1_102' title='bbox 1350 907 1647 965; x_wconf 78' lang='lat' dir='ltr'><strong>reverentius3</strong></span> 
     </span>
     <span class='ocr_line' id='line_1_15' title="bbox 210 971 1648 1032; baseline -0.004 -11"><span class='ocrx_word' id='word_1_103' title='bbox 210 977 287 1022; x_wconf 90' lang='lat' dir='ltr'><strong>sed</strong></span> <span class='ocrx_word' id='word_1_104' title='bbox 319 977 408 1021; x_wconf 88' lang='lat' dir='ltr'><strong>hoc</strong></span> <span class='ocrx_word' id='word_1_105' title='bbox 441 975 691 1032; x_wconf 89' lang='lat' dir='ltr'><strong>simplicius</strong></span> <span class='ocrx_word' id='word_1_106' title='bbox 725 977 770 1018; x_wconf 92' lang='lat' dir='ltr'><strong>et</strong></span> <span class='ocrx_word' id='word_1_107' title='bbox 797 974 1031 1018; x_wconf 89' lang='lat' dir='ltr'><strong>amantius.</strong></span> <span class='ocrx_word' id='word_1_108' title='bbox 1066 971 1205 1016; x_wconf 86' lang='lat' dir='ltr'><strong>Amat</strong></span> <span class='ocrx_word' id='word_1_109' title='bbox 1231 971 1370 1027; x_wconf 87' lang='lat' dir='ltr'><strong>enim,</strong></span> <span class='ocrx_word' id='word_1_110' title='bbox 1403 971 1482 1029; x_wconf 91' lang='lat' dir='ltr'><strong>qui</strong></span> <span class='ocrx_word' id='word_1_111' title='bbox 1508 986 1555 1015; x_wconf 83' lang='lat' dir='ltr'><strong>se</strong></span> <span class='ocrx_word' id='word_1_112' title='bbox 1582 971 1648 1015; x_wconf 92' lang='lat' dir='ltr'><strong>sic</strong></span> 
     </span>
     <span class='ocr_line' id='line_1_16' title="bbox 211 1033 1647 1097; baseline -0.004 -14"><span class='ocrx_word' id='word_1_113' title='bbox 211 1039 351 1083; x_wconf 91' lang='lat' dir='ltr'><strong>amari</strong></span> <span class='ocrx_word' id='word_1_114' title='bbox 384 1040 538 1097; x_wconf 90' lang='lat' dir='ltr'><strong>putat,</strong></span> <span class='ocrx_word' id='word_1_115' title='bbox 579 1041 631 1081; x_wconf 94' lang='lat' dir='ltr'><strong>ut</strong></span> <span class='ocrx_word' id='word_1_116' title='bbox 672 1037 871 1081; x_wconf 92' lang='lat' dir='ltr'><strong>taedium</strong></span> <span class='ocrx_word' id='word_1_117' title='bbox 911 1051 1004 1080; x_wconf 90' lang='lat' dir='ltr'><strong>non</strong></span> <span class='ocrx_word' id='word_1_118' title='bbox 1043 1035 1351 1093; x_wconf 85' lang='lat' dir='ltr'><strong>pertimescat;</strong></span> <span class='ocrx_word' id='word_1_119' title='bbox 1393 1036 1437 1077; x_wconf 94' lang='lat' dir='ltr'><strong>et</strong></span> <span class='ocrx_word' id='word_1_120' title='bbox 1477 1033 1647 1092; x_wconf 89' lang='lat' dir='ltr'><strong>alioqui</strong></span> 
     </span>
     <span class='ocr_line' id='line_1_17' title="bbox 212 1097 1647 1160; baseline -0.005 -14"><span class='ocrx_word' id='word_1_121' title='bbox 212 1101 320 1160; x_wconf 91' lang='lat' dir='ltr'><strong>quid</strong></span> <span class='ocrx_word' id='word_1_122' title='bbox 359 1103 590 1159; x_wconf 83' lang='lat' dir='ltr'><strong>praestant</strong></span> <span class='ocrx_word' id='word_1_123' title='bbox 630 1099 823 1157; x_wconf 90' lang='lat' dir='ltr'><strong>sodales,</strong></span> <span class='ocrx_word' id='word_1_124' title='bbox 868 1099 905 1143; x_wconf 88' lang='lat' dir='ltr'><strong>si</strong></span> <span class='ocrx_word' id='word_1_125' title='bbox 946 1098 1221 1143; x_wconf 82' lang='lat' dir='ltr'><strong>conveniunt</strong></span> <span class='ocrx_word' id='word_1_126' title='bbox 1259 1097 1507 1155; x_wconf 86' lang='lat' dir='ltr'><strong>voluptatis</strong></span> <span class='ocrx_word' id='word_1_127' title='bbox 1542 1111 1647 1142; x_wconf 89' lang='lat' dir='ltr'><strong>suae</strong></span> 
     </span>
     <span class='ocr_line' id='line_1_18' title="bbox 212 1159 1647 1220; baseline -0.005 -11"><span class='ocrx_word' id='word_1_128' title='bbox 212 1164 375 1209; x_wconf 80' lang='lat' dir='ltr'><strong>causa?</strong></span> <span class='ocrx_word' id='word_1_129' title='bbox 419 1163 651 1208; x_wconf 90' lang='lat' dir='ltr'><strong>Delicatus</strong></span> <span class='ocrx_word' id='word_1_130' title='bbox 679 1177 732 1207; x_wconf 91' lang='lat' dir='ltr'><strong>ac</strong></span> <span class='ocrx_word' id='word_1_131' title='bbox 753 1162 913 1207; x_wconf 86' lang='lat' dir='ltr'><strong>similis</strong></span> <span class='ocrx_word' id='word_1_132' title='bbox 934 1162 1092 1220; x_wconf 91' lang='lat' dir='ltr'><strong>ignoto</strong></span> <span class='ocrx_word' id='word_1_133' title='bbox 1115 1163 1202 1216; x_wconf 87' lang='lat' dir='ltr'><strong>est,</strong></span> <span class='ocrx_word' id='word_1_134' title='bbox 1229 1160 1307 1218; x_wconf 90' lang='lat' dir='ltr'><strong>qui</strong></span> <span class='ocrx_word' id='word_1_135' title='bbox 1327 1159 1462 1204; x_wconf 91' lang='lat' dir='ltr'><strong>amici</strong></span> <span class='ocrx_word' id='word_1_136' title='bbox 1480 1159 1647 1203; x_wconf 89' lang='lat' dir='ltr'><strong>librum</strong></span> 
     </span>
     <span class='ocr_line' id='line_1_19' title="bbox 210 1221 1649 1282; baseline -0.005 -10"><span class='ocrx_word' id='word_1_137' title='bbox 210 1228 380 1272; x_wconf 91' lang='lat' dir='ltr'><strong>bonum</strong></span> <span class='ocrx_word' id='word_1_138' title='bbox 407 1226 581 1270; x_wconf 84' lang='lat' dir='ltr'><strong>mavult</strong></span> <span class='ocrx_word' id='word_1_139' title='bbox 607 1225 760 1269; x_wconf 90' lang='lat' dir='ltr'><strong>audire</strong></span> <span class='ocrx_word' id='word_1_140' title='bbox 789 1240 924 1282; x_wconf 89' lang='lat' dir='ltr'><strong>quam</strong></span> <span class='ocrx_word' id='word_1_141' title='bbox 951 1223 1107 1268; x_wconf 87' lang='lat' dir='ltr'><strong>facere.</strong></span> <span class='ocrx_word' id='word_1_142' title='bbox 1166 1221 1274 1267; x_wconf 89' lang='lat' dir='ltr'><strong>Non</strong></span> <span class='ocrx_word' id='word_1_143' title='bbox 1301 1222 1458 1266; x_wconf 88' lang='lat' dir='ltr'><strong>dubito</strong></span> <span class='ocrx_word' id='word_1_144' title='bbox 1486 1236 1649 1280; x_wconf 90' lang='lat' dir='ltr'><strong>cupere</strong></span> 
     </span>
     <span class='ocr_line' id='line_1_20' title="bbox 211 1284 1649 1348; baseline -0.005 -13"><span class='ocrx_word' id='word_1_145' title='bbox 211 1293 255 1335; x_wconf 89' lang='lat' dir='ltr'><strong>te</strong></span> <span class='ocrx_word' id='word_1_146' title='bbox 294 1305 377 1348; x_wconf 90' lang='lat' dir='ltr'><strong>pro</strong></span> <span class='ocrx_word' id='word_1_147' title='bbox 421 1291 568 1333; x_wconf 90' lang='lat' dir='ltr'><strong>cetera</strong></span> <span class='ocrx_word' id='word_1_148' title='bbox 610 1288 700 1331; x_wconf 93' lang='lat' dir='ltr'><strong>mei</strong></span> <span class='ocrx_word' id='word_1_149' title='bbox 743 1287 929 1332; x_wconf 89' lang='lat' dir='ltr'><strong>caritate</strong></span> <span class='ocrx_word' id='word_1_150' title='bbox 976 1301 1111 1343; x_wconf 91' lang='lat' dir='ltr'><strong>quam</strong></span> <span class='ocrx_word' id='word_1_151' title='bbox 1155 1285 1458 1330; x_wconf 88' lang='lat' dir='ltr'><strong>maturissime</strong></span> <span class='ocrx_word' id='word_1_152' title='bbox 1498 1284 1649 1343; x_wconf 90' lang='lat' dir='ltr'><strong>legere</strong></span> 
     </span>
     <span class='ocr_line' id='line_1_21' title="bbox 211 1347 1648 1407; baseline -0.005 -10"><span class='ocrx_word' id='word_1_153' title='bbox 211 1354 332 1397; x_wconf 91' lang='lat' dir='ltr'><strong>hunc</strong></span> <span class='ocrx_word' id='word_1_154' title='bbox 366 1352 512 1396; x_wconf 89' lang='lat' dir='ltr'><strong>adhuc</strong></span> <span class='ocrx_word' id='word_1_155' title='bbox 545 1353 772 1396; x_wconf 89' lang='lat' dir='ltr'><strong>musteum</strong></span> <span class='ocrx_word' id='word_1_156' title='bbox 805 1350 986 1394; x_wconf 87' lang='lat' dir='ltr'><strong>librum.</strong></span> <span class='ocrx_word' id='word_1_157' title='bbox 1038 1348 1202 1407; x_wconf 86' lang='lat' dir='ltr'><strong>Leges,</strong></span> <span class='ocrx_word' id='word_1_158' title='bbox 1235 1347 1312 1392; x_wconf 89' lang='lat' dir='ltr'><strong>sed</strong></span> <span class='ocrx_word' id='word_1_159' title='bbox 1344 1349 1648 1404; x_wconf 88' lang='lat' dir='ltr'><strong>retractatum,</strong></span> 
     </span>
     <span class='ocr_line' id='line_1_22' title="bbox 214 1409 1649 1473; baseline -0.005 -13"><span class='ocrx_word' id='word_1_160' title='bbox 214 1431 327 1473; x_wconf 90' lang='lat' dir='ltr'><strong>quae</strong></span> <span class='ocrx_word' id='word_1_161' title='bbox 362 1430 496 1459; x_wconf 89' lang='lat' dir='ltr'><strong>causa</strong></span> <span class='ocrx_word' id='word_1_162' title='bbox 528 1413 747 1458; x_wconf 85' lang='lat' dir='ltr'><strong>recitandi</strong></span> <span class='ocrx_word' id='word_1_163' title='bbox 780 1412 886 1470; x_wconf 83' lang='lat' dir='ltr'><strong>fuit3</strong></span> <span class='ocrx_word' id='word_1_164' title='bbox 921 1414 966 1456; x_wconf 91' lang='lat' dir='ltr'><strong>et</strong></span> <span class='ocrx_word' id='word_1_165' title='bbox 998 1414 1151 1455; x_wconf 90' lang='lat' dir='ltr'><strong>tamen</strong></span> <span class='ocrx_word' id='word_1_166' title='bbox 1183 1425 1278 1455; x_wconf 90' lang='lat' dir='ltr'><strong>non</strong></span> <span class='ocrx_word' id='word_1_167' title='bbox 1309 1409 1436 1454; x_wconf 87' lang='lat' dir='ltr'><strong>nulla</strong></span> <span class='ocrx_word' id='word_1_168' title='bbox 1468 1409 1560 1454; x_wconf 89' lang='lat' dir='ltr'><strong>iam</strong></span> <span class='ocrx_word' id='word_1_169' title='bbox 1593 1424 1649 1453; x_wconf 83' lang='lat' dir='ltr'><strong>ex</strong></span> 
     </span>
     <span class='ocr_line' id='line_1_23' title="bbox 214 1472 1650 1532; baseline -0.005 -10"><span class='ocrx_word' id='word_1_170' title='bbox 214 1494 266 1522; x_wconf 91' lang='lat' dir='ltr'><strong>eo</strong></span> <span class='ocrx_word' id='word_1_171' title='bbox 300 1478 432 1522; x_wconf 91' lang='lat' dir='ltr'><strong>nosti.</strong></span> <span class='ocrx_word' id='word_1_172' title='bbox 499 1476 623 1521; x_wconf 89' lang='lat' dir='ltr'><strong>Haec</strong></span> <span class='ocrx_word' id='word_1_173' title='bbox 663 1476 735 1520; x_wconf 85' lang='lat' dir='ltr'><strong>vel</strong></span> <span class='ocrx_word' id='word_1_174' title='bbox 768 1475 1004 1519; x_wconf 90' lang='lat' dir='ltr'><strong>emendata</strong></span> <span class='ocrx_word' id='word_1_175' title='bbox 1036 1476 1196 1532; x_wconf 88' lang='lat' dir='ltr'><strong>postea</strong></span> <span class='ocrx_word' id='word_1_176' title='bbox 1227 1473 1318 1530; x_wconf 81' lang='lat' dir='ltr'><strong>vel,</strong></span> <span class='ocrx_word' id='word_1_177' title='bbox 1361 1472 1482 1531; x_wconf 90' lang='lat' dir='ltr'><strong>quod</strong></span> <span class='ocrx_word' id='word_1_178' title='bbox 1515 1472 1650 1516; x_wconf 85' lang='lat' dir='ltr'><strong>inter·</strong></span> 
     </span>
     <span class='ocr_line' id='line_1_24' title="bbox 215 1535 1651 1599; baseline -0.005 -14"><span class='ocrx_word' id='word_1_179' title='bbox 215 1541 322 1584; x_wconf 89' lang='lat' dir='ltr'><strong>dum</strong></span> <span class='ocrx_word' id='word_1_180' title='bbox 354 1539 560 1599; x_wconf 84' lang='lat' dir='ltr'><strong>longiore</strong></span> <span class='ocrx_word' id='word_1_181' title='bbox 601 1554 728 1583; x_wconf 88' lang='lat' dir='ltr'><strong>mora</strong></span> <span class='ocrx_word' id='word_1_182' title='bbox 768 1538 901 1595; x_wconf 84' lang='lat' dir='ltr'><strong>solet,</strong></span> <span class='ocrx_word' id='word_1_183' title='bbox 946 1537 1168 1581; x_wconf 88' lang='lat' dir='ltr'><strong>deteriora</strong></span> <span class='ocrx_word' id='word_1_184' title='bbox 1207 1536 1328 1580; x_wconf 87' lang='lat' dir='ltr'><strong>facta</strong></span> <span class='ocrx_word' id='word_1_185' title='bbox 1368 1535 1497 1592; x_wconf 84' lang='lat' dir='ltr'><strong>quasi</strong></span> <span class='ocrx_word' id='word_1_186' title='bbox 1532 1549 1651 1579; x_wconf 85' lang='lat' dir='ltr'><strong>nova</strong></span> 
     </span>
     <span class='ocr_line' id='line_1_25' title="bbox 214 1597 1650 1660; baseline -0.003 -14"><span class='ocrx_word' id='word_1_187' title='bbox 214 1618 368 1648; x_wconf 87' lang='lat' dir='ltr'><strong>rursus</strong></span> <span class='ocrx_word' id='word_1_188' title='bbox 403 1605 448 1646; x_wconf 90' lang='lat' dir='ltr'><strong>et</strong></span> <span class='ocrx_word' id='word_1_189' title='bbox 480 1602 698 1659; x_wconf 86' lang='lat' dir='ltr'><strong>rescripta</strong></span> <span class='ocrx_word' id='word_1_190' title='bbox 732 1615 992 1660; x_wconf 86' lang='lat' dir='ltr'><strong>cognosces.</strong></span> <span class='ocrx_word' id='word_1_191' title='bbox 1056 1598 1176 1643; x_wconf 89' lang='lat' dir='ltr'><strong>Nam</strong></span> <span class='ocrx_word' id='word_1_192' title='bbox 1210 1598 1438 1657; x_wconf 76' lang='lat' dir='ltr'><strong>plerisque</strong></span> <span class='ocrx_word' id='word_1_193' title='bbox 1464 1597 1650 1642; x_wconf 88' lang='lat' dir='ltr'><strong>mutatis</strong></span> 
     </span>
     <span class='ocr_line' id='line_1_26' title="bbox 215 1659 1515 1724; baseline -0.005 -14"><span class='ocrx_word' id='word_1_194' title='bbox 215 1682 267 1710; x_wconf 91' lang='lat' dir='ltr'><strong>ea</strong></span> <span class='ocrx_word' id='word_1_195' title='bbox 300 1681 479 1724; x_wconf 86' lang='lat' dir='ltr'><strong>quoque</strong></span> <span class='ocrx_word' id='word_1_196' title='bbox 513 1667 686 1708; x_wconf 90' lang='lat' dir='ltr'><strong>mutata</strong></span> <span class='ocrx_word' id='word_1_197' title='bbox 719 1664 948 1721; x_wconf 85' lang='lat' dir='ltr'><strong>videntur,</strong></span> <span class='ocrx_word' id='word_1_198' title='bbox 982 1677 1095 1720; x_wconf 91' lang='lat' dir='ltr'><strong>quae</strong></span> <span class='ocrx_word' id='word_1_199' title='bbox 1129 1663 1323 1706; x_wconf 88' lang='lat' dir='ltr'><strong>manent.</strong></span> <span class='ocrx_word' id='word_1_200' title='bbox 1390 1659 1515 1704; x_wconf 89' lang='lat' dir='ltr'><strong>Vale.</strong></span> 
     </span>
    </p>
   </div>
   <div class='ocr_carea' id='block_1_6' title="bbox 587 1779 1277 1904">
    <p class='ocr_par' dir='ltr' id='par_1_6' title="bbox 587 1779 1277 1904">
     <span class='ocr_line' id='line_1_27' title="bbox 867 1779 1002 1820; baseline -0.007 0"><span class='ocrx_word' id='word_1_201' title='bbox 867 1779 1002 1820; x_wconf 87' lang='lat' dir='ltr'><strong>XXII.</strong></span> 
     </span>
     <span class='ocr_line' id='line_1_28' title="bbox 587 1867 1277 1904; baseline -0.004 0"><span class='ocrx_word' id='word_1_202' title='bbox 587 1870 630 1904; x_wconf 90' lang='lat' dir='ltr'><strong>C.</strong></span> <span class='ocrx_word' id='word_1_203' title='bbox 651 1870 856 1904; x_wconf 88' lang='lat' dir='ltr'>PLINIUS</span> <span class='ocrx_word' id='word_1_204' title='bbox 885 1868 1081 1903; x_wconf 85' lang='lat' dir='ltr'>GEMINO</span> <span class='ocrx_word' id='word_1_205' title='bbox 1111 1867 1208 1902; x_wconf 82' lang='lat' dir='ltr'><strong>SUO</strong></span> <span class='ocrx_word' id='word_1_206' title='bbox 1237 1867 1277 1902; x_wconf 84' lang='lat' dir='ltr'><strong>S.</strong></span> 
     </span>
    </p>
   </div>
   <div class='ocr_carea' id='block_1_7' title="bbox 218 1948 1654 2201">
    <p class='ocr_par' dir='ltr' id='par_1_7' title="bbox 218 1948 1654 2201">
     <span class='ocr_line' id='line_1_29' title="bbox 311 1948 1654 2010; baseline -0.006 -11"><span class='ocrx_word' id='word_1_207' title='bbox 311 1953 504 1999; x_wconf 91' lang='lat' dir='ltr'><strong>Nostine</strong></span> <span class='ocrx_word' id='word_1_208' title='bbox 537 1953 641 2010; x_wconf 87' lang='lat' dir='ltr'><strong>hos,</strong></span> <span class='ocrx_word' id='word_1_209' title='bbox 675 1953 752 2010; x_wconf 90' lang='lat' dir='ltr'><strong>qui</strong></span> <span class='ocrx_word' id='word_1_210' title='bbox 786 1952 989 1996; x_wconf 90' lang='lat' dir='ltr'><strong>omnium</strong></span> <span class='ocrx_word' id='word_1_211' title='bbox 1021 1950 1263 1994; x_wconf 87' lang='lat' dir='ltr'><strong>libidinum</strong></span> <span class='ocrx_word' id='word_1_212' title='bbox 1298 1948 1415 1993; x_wconf 81' lang='lat' dir='ltr'><strong>servi</strong></span> <span class='ocrx_word' id='word_1_213' title='bbox 1448 1948 1513 1993; x_wconf 91' lang='lat' dir='ltr'><strong>sic</strong></span> <span class='ocrx_word' id='word_1_214' title='bbox 1546 1948 1654 1992; x_wconf 83' lang='lat' dir='ltr'><strong>alio-</strong></span> 
     </span>
     <span class='ocr_line' id='line_1_30' title="bbox 218 2011 1654 2072; baseline -0.006 -10"><span class='ocrx_word' id='word_1_215' title='bbox 218 2034 318 2062; x_wconf 88' lang='lat' dir='ltr'><strong>rum</strong></span> <span class='ocrx_word' id='word_1_216' title='bbox 358 2017 482 2062; x_wconf 87' lang='lat' dir='ltr'><strong>vitiis</strong></span> <span class='ocrx_word' id='word_1_217' title='bbox 523 2016 796 2072; x_wconf 82' lang='lat' dir='ltr'><strong>irascuntur,</strong></span> <span class='ocrx_word' id='word_1_218' title='bbox 841 2014 970 2072; x_wconf 86' lang='lat' dir='ltr'><strong>quasi</strong></span> <span class='ocrx_word' id='word_1_219' title='bbox 1012 2013 1262 2069; x_wconf 86' lang='lat' dir='ltr'><strong>invideant,</strong></span> <span class='ocrx_word' id='word_1_220' title='bbox 1304 2013 1350 2056; x_wconf 91' lang='lat' dir='ltr'><strong>et</strong></span> <span class='ocrx_word' id='word_1_221' title='bbox 1388 2011 1654 2070; x_wconf 80' lang='lat' dir='ltr'><strong>gravissime</strong></span> 
     </span>
     <span class='ocr_line' id='line_1_31' title="bbox 219 2073 1654 2139; baseline -0.006 -14"><span class='ocrx_word' id='word_1_222' title='bbox 219 2081 433 2139; x_wconf 87' lang='lat' dir='ltr'><strong>puniunt,</strong></span> <span class='ocrx_word' id='word_1_223' title='bbox 468 2094 581 2137; x_wconf 89' lang='lat' dir='ltr'><strong>quos</strong></span> <span class='ocrx_word' id='word_1_224' title='bbox 615 2078 810 2122; x_wconf 85' lang='lat' dir='ltr'><strong>maxime</strong></span> <span class='ocrx_word' id='word_1_225' title='bbox 843 2076 1110 2121; x_wconf 80' lang='lat' dir='ltr'><strong>imitantur?</strong></span> <span class='ocrx_word' id='word_1_226' title='bbox 1144 2091 1248 2120; x_wconf 92' lang='lat' dir='ltr'><strong>cum</strong></span> <span class='ocrx_word' id='word_1_227' title='bbox 1276 2089 1352 2119; x_wconf 87' lang='lat' dir='ltr'><strong>eos</strong></span> <span class='ocrx_word' id='word_1_228' title='bbox 1386 2073 1541 2130; x_wconf 86' lang='lat' dir='ltr'><strong>etiam,</strong></span> <span class='ocrx_word' id='word_1_229' title='bbox 1576 2074 1654 2130; x_wconf 91' lang='lat' dir='ltr'><strong>qui</strong></span> 
     </span>
     <span class='ocr_line' id='line_1_32' title="bbox 219 2135 1653 2201; baseline -0.006 -13"><span class='ocrx_word' id='word_1_230' title='bbox 219 2158 313 2187; x_wconf 90' lang='lat' dir='ltr'><strong>non</strong></span> <span class='ocrx_word' id='word_1_231' title='bbox 333 2142 537 2201; x_wconf 87' lang='lat' dir='ltr'><strong>indigent</strong></span> <span class='ocrx_word' id='word_1_232' title='bbox 565 2140 803 2186; x_wconf 88' lang='lat' dir='ltr'><strong>clementia</strong></span> <span class='ocrx_word' id='word_1_233' title='bbox 829 2140 987 2197; x_wconf 88' lang='lat' dir='ltr'><strong>ullius,</strong></span> <span class='ocrx_word' id='word_1_234' title='bbox 1013 2138 1130 2182; x_wconf 88' lang='lat' dir='ltr'><strong>nihil</strong></span> <span class='ocrx_word' id='word_1_235' title='bbox 1155 2137 1300 2197; x_wconf 84' lang='lat' dir='ltr'><strong>magis</strong></span> <span class='ocrx_word' id='word_1_236' title='bbox 1329 2151 1464 2194; x_wconf 89' lang='lat' dir='ltr'><strong>quam</strong></span> <span class='ocrx_word' id='word_1_237' title='bbox 1490 2135 1653 2180; x_wconf 88' lang='lat' dir='ltr'><strong>lenitas</strong></span> 
     </span>
    </p>
   </div>
   <div class='ocr_carea' id='block_1_8' title="bbox 171 2198 1656 2263">
    <p class='ocr_par' dir='ltr' id='par_1_8' title="bbox 171 2198 1656 2263">
     <span class='ocr_line' id='line_1_33' title="bbox 171 2198 1656 2263; baseline -0.005 -13"><span class='ocrx_word' id='word_1_238' title='bbox 171 2219 192 2251; x_wconf 71' lang='lat'><strong>2</strong></span> <span class='ocrx_word' id='word_1_239' title='bbox 222 2206 384 2250; x_wconf 92' lang='lat' dir='ltr'><strong>deceat.</strong></span> <span class='ocrx_word' id='word_1_240' title='bbox 419 2204 570 2262; x_wconf 88' lang='lat' dir='ltr'><strong>Atque</strong></span> <span class='ocrx_word' id='word_1_241' title='bbox 591 2219 675 2263; x_wconf 90' lang='lat' dir='ltr'><strong>ego</strong></span> <span class='ocrx_word' id='word_1_242' title='bbox 692 2203 916 2261; x_wconf 88' lang='lat' dir='ltr'><strong>optimum</strong></span> <span class='ocrx_word' id='word_1_243' title='bbox 937 2205 982 2246; x_wconf 94' lang='lat' dir='ltr'><strong>et</strong></span> <span class='ocrx_word' id='word_1_244' title='bbox 996 2199 1410 2246; x_wconf 88' lang='lat' dir='ltr'><strong>emendatissimum</strong></span> <span class='ocrx_word' id='word_1_245' title='bbox 1432 2198 1656 2255; x_wconf 85' lang='lat' dir='ltr'><strong>existimo,</strong></span> 
     </span>
    </p>
   </div>
   <div class='ocr_carea' id='block_1_9' title="bbox 223 2261 1654 2326">
    <p class='ocr_par' dir='ltr' id='par_1_9' title="bbox 223 2261 1654 2326">
     <span class='ocr_line' id='line_1_34' title="bbox 223 2261 1654 2326; baseline -0.005 -14"><span class='ocrx_word' id='word_1_246' title='bbox 223 2268 302 2326; x_wconf 90' lang='lat' dir='ltr'><strong>qui</strong></span> <span class='ocrx_word' id='word_1_247' title='bbox 335 2268 492 2312; x_wconf 90' lang='lat' dir='ltr'><strong>ceteris</strong></span> <span class='ocrx_word' id='word_1_248' title='bbox 533 2268 597 2311; x_wconf 89' lang='lat' dir='ltr'><strong>ita</strong></span> <span class='ocrx_word' id='word_1_249' title='bbox 630 2266 845 2325; x_wconf 89' lang='lat' dir='ltr'><strong>ignoscit,</strong></span> <span class='ocrx_word' id='word_1_250' title='bbox 883 2268 1115 2322; x_wconf 87' lang='lat' dir='ltr'><strong>tamquam</strong></span> <span class='ocrx_word' id='word_1_251' title='bbox 1155 2263 1250 2321; x_wconf 89' lang='lat' dir='ltr'><strong>ipse</strong></span> <span class='ocrx_word' id='word_1_252' title='bbox 1284 2261 1448 2307; x_wconf 89' lang='lat' dir='ltr'><strong>cotidie</strong></span> <span class='ocrx_word' id='word_1_253' title='bbox 1486 2263 1654 2319; x_wconf 88' lang='lat' dir='ltr'><strong>peccet,</strong></span> 
     </span>
    </p>
   </div>
   <div class='ocr_carea' id='block_1_10' title="bbox 174 2322 1656 2387">
    <p class='ocr_par' dir='ltr' id='par_1_10' title="bbox 174 2322 1656 2387">
     <span class='ocr_line' id='line_1_35' title="bbox 174 2322 1656 2387; baseline -0.005 -12"><span class='ocrx_word' id='word_1_254' title='bbox 174 2344 194 2375; x_wconf 88' lang='lat'><strong>3</strong></span> <span class='ocrx_word' id='word_1_255' title='bbox 223 2331 287 2375; x_wconf 89' lang='lat' dir='ltr'><strong>ita</strong></span> <span class='ocrx_word' id='word_1_256' title='bbox 306 2330 501 2387; x_wconf 89' lang='lat' dir='ltr'><strong>peccatis</strong></span> <span class='ocrx_word' id='word_1_257' title='bbox 524 2330 732 2386; x_wconf 87' lang='lat' dir='ltr'><strong>abstinet,</strong></span> <span class='ocrx_word' id='word_1_258' title='bbox 764 2331 996 2384; x_wconf 89' lang='lat' dir='ltr'><strong>tamquam</strong></span> <span class='ocrx_word' id='word_1_259' title='bbox 1016 2326 1187 2371; x_wconf 90' lang='lat' dir='ltr'><strong>nemini</strong></span> <span class='ocrx_word' id='word_1_260' title='bbox 1208 2326 1424 2384; x_wconf 87' lang='lat' dir='ltr'><strong>ignoscat.</strong></span> <span class='ocrx_word' id='word_1_261' title='bbox 1458 2322 1656 2368; x_wconf 90' lang='lat' dir='ltr'><strong>Proinde</strong></span> 
     </span>
    </p>
   </div>
   <div class='ocr_carea' id='block_1_11' title="bbox 224 2401 523 2405">
    <p class='ocr_par' dir='ltr' id='par_1_11' title="bbox 224 2401 523 2405">
     <span class='ocr_line' id='line_1_36' title="bbox 224 2401 523 2405; baseline 0 0"><span class='ocrx_word' id='word_1_262' title='bbox 224 2401 523 2405; x_wconf 95' lang='lat' dir='ltr'><strong> </strong></span> 
     </span>
    </p>
   </div>
   <div class='ocr_carea' id='block_1_12' title="bbox 224 2434 1657 2538">
    <p class='ocr_par' dir='ltr' id='par_1_12' title="bbox 224 2434 1657 2538">
     <span class='ocr_line' id='line_1_37' title="bbox 325 2434 1657 2486; baseline -0.006 -8"><span class='ocrx_word' id='word_1_263' title='bbox 325 2445 345 2477; x_wconf 82' lang='lat'><strong>2</strong></span> <span class='ocrx_word' id='word_1_264' title='bbox 368 2442 407 2477; x_wconf 91' lang='lat' dir='ltr'><strong>et</strong></span> <span class='ocrx_word' id='word_1_265' title='bbox 428 2454 463 2486; x_wconf 87' lang='lat' dir='ltr'><strong>a,</strong></span> <span class='ocrx_word' id='word_1_266' title='bbox 480 2441 531 2477; x_wconf 92' lang='lat' dir='ltr'><strong>K.</strong></span> <span class='ocrx_word' id='word_1_267' title='bbox 544 2441 603 2485; x_wconf 82' lang='grc' dir='ltr'><strong>ΙΙ,</strong></span> <span class='ocrx_word' id='word_1_268' title='bbox 627 2439 776 2484; x_wconf 67' lang='lat' dir='ltr'><strong>Muell„</strong></span> <span class='ocrx_word' id='word_1_269' title='bbox 790 2450 861 2476; x_wconf 86' lang='lat' dir='ltr'><strong>om.</strong></span> <span class='ocrx_word' id='word_1_270' title='bbox 878 2439 966 2483; x_wconf 79' lang='lat' dir='ltr'><strong>Mr,</strong></span> <span class='ocrx_word' id='word_1_271' title='bbox 982 2438 1034 2475; x_wconf 87' lang='lat' dir='ltr'><strong>K.</strong></span> <span class='ocrx_word' id='word_1_272' title='bbox 1047 2438 1081 2474; x_wconf 91' lang='lat' dir='ltr'><strong>I.</strong></span> <span class='ocrx_word' id='word_1_273' title='bbox 1162 2439 1208 2472; x_wconf 89' lang='grc'><strong>10</strong></span> <span class='ocrx_word' id='word_1_274' title='bbox 1230 2435 1318 2472; x_wconf 90' lang='lat' dir='ltr'><strong>dico</strong></span> <span class='ocrx_word' id='word_1_275' title='bbox 1335 2436 1425 2480; x_wconf 56' lang='grc' dir='ltr'><strong>ΜΤ,</strong></span> <span class='ocrx_word' id='word_1_276' title='bbox 1444 2434 1510 2480; x_wconf 88' lang='grc' dir='ltr'><strong>Κ.,</strong></span> <span class='ocrx_word' id='word_1_277' title='bbox 1532 2435 1657 2471; x_wconf 84' lang='lat' dir='ltr'><strong>testor</strong></span> 
     </span>
     <span class='ocr_line' id='line_1_38' title="bbox 224 2483 1654 2538; baseline -0.006 -8"><span class='ocrx_word' id='word_1_278' title='bbox 224 2505 260 2538; x_wconf 79' lang='lat' dir='ltr'><strong>a,</strong></span> <span class='ocrx_word' id='word_1_279' title='bbox 284 2492 383 2537; x_wconf 81' lang='lat' dir='ltr'><strong>Otto,</strong></span> <span class='ocrx_word' id='word_1_280' title='bbox 406 2491 541 2528; x_wconf 81' lang='lat' dir='ltr'><strong>Muell.</strong></span> <span class='ocrx_word' id='word_1_281' title='bbox 660 2494 706 2526; x_wconf 82' lang='lat'><strong>14</strong></span> <span class='ocrx_word' id='word_1_282' title='bbox 735 2490 774 2526; x_wconf 89' lang='lat' dir='ltr'><strong>et</strong></span> <span class='ocrx_word' id='word_1_283' title='bbox 801 2500 870 2526; x_wconf 88' lang='lat' dir='ltr'><strong>om.</strong></span> <span class='ocrx_word' id='word_1_284' title='bbox 894 2501 928 2525; x_wconf 87' lang='lat' dir='ltr'><strong>a.</strong></span> <span class='ocrx_word' id='word_1_285' title='bbox 1034 2491 1079 2524; x_wconf 83' lang='lat'><strong>21</strong></span> <span class='ocrx_word' id='word_1_286' title='bbox 1103 2487 1218 2534; x_wconf 77' lang='lat' dir='ltr'><strong>prius</strong></span> <span class='ocrx_word' id='word_1_287' title='bbox 1242 2483 1305 2523; x_wconf 83' lang='lat' dir='ltr'><strong>vel</strong></span> <span class='ocrx_word' id='word_1_288' title='bbox 1332 2496 1403 2523; x_wconf 85' lang='lat' dir='ltr'><strong>om.</strong></span> <span class='ocrx_word' id='word_1_289' title='bbox 1427 2485 1479 2521; x_wconf 90' lang='lat' dir='ltr'><em>M</em></span> <span class='ocrx_word' id='word_1_290' title='bbox 1485 2497 1517 2531; x_wconf 81' lang='lat' dir='ltr'><strong>r,</strong></span> <span class='ocrx_word' id='word_1_291' title='bbox 1547 2485 1599 2522; x_wconf 89' lang='lat' dir='ltr'><strong>K.</strong></span> <span class='ocrx_word' id='word_1_292' title='bbox 1620 2485 1654 2522; x_wconf 90' lang='lat' dir='ltr'><strong>I.</strong></span> 
     </span>
    </p>
   </div>
   <div class='ocr_carea' id='block_1_13' title="bbox 1672 798 1709 825">
    <p class='ocr_par' dir='ltr' id='par_1_13' title="bbox 1672 798 1709 825">
     <span class='ocr_line' id='line_1_39' title="bbox 1672 798 1709 825; baseline 0.027 -1"><span class='ocrx_word' id='word_1_293' title='bbox 1672 798 1709 825; x_wconf 87' lang='grc'><strong>10</strong></span> 
     </span>
    </p>
   </div>
   <div class='ocr_carea' id='block_1_14' title="bbox 1675 1108 1710 1136">
    <p class='ocr_par' dir='ltr' id='par_1_14' title="bbox 1675 1108 1710 1136">
     <span class='ocr_line' id='line_1_40' title="bbox 1675 1108 1710 1136; baseline 0 0"><span class='ocrx_word' id='word_1_294' title='bbox 1675 1108 1710 1136; x_wconf 84' lang='grc'><strong>15</strong></span> 
     </span>
    </p>
   </div>
   <div class='ocr_carea' id='block_1_15' title="bbox 1679 1786 1715 1814">
    <p class='ocr_par' dir='ltr' id='par_1_15' title="bbox 1679 1786 1715 1814">
     <span class='ocr_line' id='line_1_41' title="bbox 1679 1786 1715 1814; baseline 0.028 -1"><span class='ocrx_word' id='word_1_295' title='bbox 1679 1786 1715 1814; x_wconf 76' lang='lat'><strong>25</strong></span> 
     </span>
    </p>
   </div>
  </div>
 </body>
</html>
