1630 2678
77 0 279 26 ..vv-...w
301 0 307 4 -

0 0 57 135 τι
103 30 134 39 ⁷·
176 16 195 38 ¹⁰,

23 54 53 67 V*
160 40 197 50 -i

176 70 181 78 1

60 242 307 289 reverentia
345 242 559 299 intendit,
600 241 756 286 deinde
798 241 939 299 quod,
980 240 1034 284 de
1076 239 1236 298 quibus
1278 240 1462 297 dubitat,

62 305 191 363 quasi
232 319 288 349 ex
331 303 507 348 consilii
551 303 768 348 sententia
818 302 986 347 statuit.
1066 300 1211 346 Multa
1254 301 1387 345 etiam
1438 316 1464 344 a
1489 311 1511 345 9

61 365 216 411 multis
246 364 510 409 admonetur
540 366 605 422 et,
634 364 673 408 si
702 379 795 408 non
815 363 1115 418 admoneatur,
1142 362 1248 420 quid
1275 363 1463 420 quisque

62 426 242 484 sentiat,
272 426 486 485 perspicit
517 441 572 470 ex
614 426 755 481 vultu,
797 425 951 482 oculis,
992 427 1118 479 nutu,
1159 438 1305 480 manu,
1346 439 1464 467 mur-

0 501 40 555 ⁸.
61 502 202 546 mure,
240 487 437 543 silentio;
478 502 590 544 quae
631 486 739 531 satis
783 486 946 544 apertis
990 485 1109 529 notis
1154 485 1366 529 iudicium
1407 484 1463 528 ab

13 549 338 595 humanitate
357 548 622 593 discernunt.
685 546 835 604 Atque
855 547 977 602 adeO,
1009 547 1047 591 si
1067 547 1139 591 cui
1164 546 1279 590 forte
1299 556 1537 601 eorum,10

63 610 142 668 qui
171 610 480 667 interfuerunt,
510 624 639 654 curae
676 609 812 653 fuerit
843 608 994 652 eadem
1026 608 1105 652 ina
1140 608 1305 666 legere,
1337 607 1464 651 intel-

61 672 182 730 leget
229 686 300 716 me
350 670 565 728 quaedam
609 673 687 714 aut
731 672 1026 714 commutasse
1066 671 1144 712 aut
1192 669 1465 738 praeterisse,

63 733 252 778 fortasse
301 732 435 776 etiam
485 747 540 776 ex
589 746 669 775 suo
719 731 904 786 iudicio,
955 730 1156 787 quamvis
1207 730 1301 787 ipse
1350 730 1466 773 nihil

3 807 41 837 ιο
65 793 226 839 dixerit
255 793 380 838 mihi.
441 792 590 850 Atque
619 793 730 837 haec
767 793 831 836 ita
862 764 1059 849 disputo,
1092 792 1218 848 quasi
1249 791 1466 848 populum
1494 802 1538 835 11

64 856 113 900 in
142 854 431 911 auditorium,
472 869 564 898 non
607 854 655 898 in
699 854 952 898 cubiculum
995 852 1159 897 amicos
1204 852 1468 908 advocarim,

65 930 178 974 quos
220 916 369 974 plures
412 915 575 960 habere
619 915 772 959 multis
823 915 1086 973 gloriosum,
1135 913 1468 971 reprehensioni

64 976 232 1022 nemini
262 977 360 1021 fuit.
411 975 535 1021 Vale.

728 1052 800 1092 IV,
846 1031 1139 1114 &ynasc-
1176 1035 1379 1081 edere-s

3 1148 42 1189 ξ
296 1140 340 1175 C.
360 1140 564 1175 PLINIUS
591 1140 733 1175 IULIO
761 1139 1051 1174 VALERIANO
1079 1139 1173 1174 SUO
1202 1139 1240 1173 S.

486 128 843 167 ΕΡιεΤυιΑιωιι
868 127 904 165 v
931 132 965 175 3,
990 132 1025 165 4.
1374 130 1459 174 121

146 1220 234 1266 Bes
265 1236 421 1279 parva,
440 1221 517 1265 sed
548 1220 726 1265 initium
755 1235 847 1264 non
866 1235 1064 1278 parvum.
1115 1219 1198 1264 Vir
1222 1219 1468 1288 praetorius
1496 1231 1515 1263 1

12 1274 20 1306 ”
67 1281 237 1328 Sollers
266 1297 294 1326 a
322 1285 479 1327 senatu
510 1282 652 1340 petiit,
684 1284 735 1326 ut
764 1282 850 1325 sibi
888 1282 1118 1326 instituere
1162 1280 1381 1324 nundinas
1423 1280 1470 1323 in

67 1343 186 1403 agris
218 1344 310 1388 suis
341 1343 681 1402 permitteretur.
722 1342 886 1387 Contra
911 1343 1118 1386 dixerunt
1142 1342 1279 1400 legati
1306 1341 1469 1385 Viceti-

0 1403 15 1459 L,
66 1419 250 1463 norum3
280 1403 425 1449 adfuit
455 1404 676 1449 Tuscilius
707 1403 988 1448 Nominatus.
1053 1403 1203 1447 Dilata
1229 1417 1360 1446 eausa
1392 1405 1469 1446 est

4 1468 47 1512 h
68 1465 174 1511 Alio
214 1468 370 1510 senatu
400 1465 596 1510 Vicetini
632 1466 727 1510 sine
765 1465 980 1509 advocato
1021 1465 1309 1519 intraverunt,
1350 1463 1471 1507 dixe-
1496 1476 1518 1508 2

6 1519 22 1546 ³⁵
67 1530 175 1572 runt
204 1542 252 1572 se
279 1527 504 1585 deceptos:
532 1527 702 1584 lapsine
722 1527 870 1582 verbo,
896 1541 953 1569 an
973 1526 1077 1582 quia
1105 1526 1168 1569 ita
1192 1523 1471 1569 sentiebant?

68 1587 336 1648 Interrogati
379 1603 406 1632 a
448 1587 623 1646 Nepote
656 1591 870 1645 praetore,
910 1602 1041 1643 quem
1091 1586 1362 1643 docuissent,
1405 1601 1469 1630 re-

70 1649 361 1708 sponderunt,
394 1664 525 1707 quem
557 1650 692 1706 prius.
756 1648 1043 1706 Interrogati,
1088 1663 1145 1691 an
1182 1650 1291 1692 tunc
1332 1648 1469 1706 gratis

70 1710 301 1767 adfuisset,
332 1711 655 1767 responderunt
684 1724 760 1753 sex
792 1709 971 1753 milibus
1003 1724 1257 1765 nummum3
1289 1724 1346 1753 an
1377 1724 1470 1752 rur-

8 1784 47 1815 Ι
71 1787 146 1816 sus
177 1771 346 1828 aliquid
378 1770 630 1815 dedissent?
662 1771 868 1814 dixerunt
894 1770 1015 1814 mille
1042 1770 1255 1814 denarios.
1317 1768 1470 1827 Nepos

71 1832 329 1891 postulavit,
366 1835 419 1876 ut
448 1831 717 1876 Nominatus
763 1831 1054 1876 induceretur.
1116 1830 1345 1876 Hactenus
1391 1831 1469 1874 illo
1497 1843 1518 1874 3

72 1893 155 1938 die.
237 1892 342 1947 Sed,
381 1896 596 1950 quantum
648 1907 858 1951 auguror,
907 1893 1086 1952 longius
1137 1908 1207 1937 res
1251 1892 1471 1950 procedet.

70 1953 189 1999 Nam
219 1955 430 2011 pleraque
460 1956 580 1998 tacta
620 1957 793 1997 tantum
835 1956 880 1998 et
920 1954 1100 1998 omnino
1147 1957 1369 1998 commota
1409 1953 1470 1996 la-

0 2018 1 2023 ’
72 2016 243 2060 tissime
275 2018 470 2072 serpunt.
533 2014 667 2059 Erexi
699 2030 825 2059 aures
870 2018 980 2059 tuas.
1045 2015 1186 2067 Quam
1233 2015 1308 2058 diu
1354 2028 1471 2058 nunc
1496 2025 1519 2058 4

73 2079 261 2135 oportet,
293 2091 425 2134 quam
457 2075 616 2120 blande
647 2091 789 2135 roges,
820 2079 871 2120 ut
914 2077 1084 2134 reliqua
1127 2076 1389 2134 cognoscas!
1435 2074 1471 2118 si
1499 2111 1503 2114 ,

5 2143 26 2186 ἰ
72 2140 223 2183 tamen
253 2153 345 2182 non
376 2140 478 2181 ante
511 2138 567 2181 ob
598 2137 707 2181 haec
739 2138 836 2195 ipsa
867 2138 1036 2182 veneris
1080 2136 1267 2181 Romam
1307 2139 1472 2193 specta-

18 2254 23 2260 ·
73 2202 232 2257 torque
263 2198 469 2243 malueris
502 2213 595 2243 esse
628 2213 760 2255 quam
792 2199 942 2243 lector.
1008 2198 1128 2242 Vale.

174 2310 194 2344 1
221 2306 477 2344 reverentiam
497 2306 648 2344 RFM
653 2318 763 2353 pra,
781 2306 830 2351 cf.
845 2306 897 2343 ad
919 2307 1025 2344 VIII
1041 2309 1100 2351 19,
1114 2309 1148 2342 2.
1253 2308 1298 2340 10
1318 2303 1385 2341 sed
1399 2315 1474 2351 pro

76 2356 194 2404 atque
220 2356 279 2393 M.
382 2359 427 2392 16
453 2366 530 2392 non
555 2365 716 2401 parvum
743 2355 947 2402 RFpra,
973 2367 1050 2391 non
1076 2365 1216 2401 parvae
1238 2354 1350 2398 MD,
1375 2354 1473 2400 vulg.

78 2407 126 2442 18
150 2403 233 2443 vic.
260 2404 334 2451 leg.
363 2405 560 2451 RFpra.
692 2407 738 2440 27
765 2404 942 2451 procedit
969 2405 1018 2441 M
1027 2405 1079 2448 D,
1107 2404 1158 2440 K.
1293 2406 1339 2439 28
1365 2403 1473 2439 tacta

77 2452 261 2500 Scheffer„
287 2453 410 2491 tacita
436 2453 700 2500 RFMpra,
726 2452 831 2490 iacta
857 2453 909 2490 D.
