1716 2742
12 506 32 536 5

0 826 31 854 [0

0 1140 30 1170 1⁶

439 98 797 165 PANEGYRicns
826 132 885 173 65,
900 138 917 165 3
933 150 977 155 -
995 127 1054 173 61,
1070 138 1097 165 ⁷.
1391 123 1482 172 379

151 241 375 301 Equidem
420 241 542 286 hunc
587 243 786 301 parentis
832 243 1004 314 publici
1050 257 1231 288 sensum
1278 258 1379 287 cum
1427 258 1483 287 ex
1496 240 1557 287 6¹7

58 305 260 350 oratione
292 305 387 350 eius
426 307 523 350 tum
563 307 932 364 pronuntiatione
970 306 1069 364 ipsa
1107 306 1387 364 perspexisse
1419 306 1482 349 vi-

57 367 177 413 deor.
228 366 352 420 Quae
388 368 507 412 enim
537 369 616 413 illa
641 369 838 428 gravitas
870 369 1211 427 sententiarum,
1245 385 1380 427 quam
1418 368 1482 411 in-

56 430 282 476 adfectata
312 430 477 475 veritas
511 432 771 489 verborum,
818 447 931 489 quae
971 432 1247 477 adseveratio
1280 432 1329 476 in
1361 446 1484 489 voce,

59 508 175 551 quae
201 493 494 538 adfirmatio
482 509 530 538 111
557 495 706 552 vultu,
734 498 902 553 quanta
928 495 975 539 in
1003 495 1165 553 oculis,
1197 495 1376 553 habitu,
1409 510 1483 554 ge-

56 559 151 614 stu,
181 557 280 601 toto
314 555 506 614 denique
539 572 726 615 corpore
760 558 888 602 fides!
932 558 1122 602 Tenebit
1154 573 1261 617 ergo
1296 573 1483 616 semper,
1509 568 1531 601 2

56 619 166 678 quid
198 619 406 677 suaserit,
440 619 638 678 scietque
664 636 768 678 nos,
801 621 1011 678 quotiens
1037 621 1315 678 libertatem,
1348 636 1484 678 quam

55 681 198 740 dedit,
231 682 533 741 experiemur,
565 682 652 727 sibi
685 699 851 741 parere.
904 683 1001 728 Nec
1033 684 1276 728 verendum
1309 687 1395 741 est,
1427 699 1483 727 ne
1511 693 1533 726 3

54 745 261 791 incautos
293 747 443 803 putet,
482 746 522 789 si
554 745 771 790 fidelitate
803 749 1059 804 temporum
1099 749 1358 792 constanter
1388 749 1484 790 uta-

54 823 176 866 mur,
214 823 328 867 quos
367 807 573 852 meminit
612 809 696 853 sub
737 809 856 853 malo
895 810 1099 867 principe
1138 809 1269 854 ahter
1306 809 1484 854 vixisse.

53 869 331 929 Nuneupare
363 874 471 916 vota
510 874 555 915 et
587 887 670 929 pro
704 873 967 916 aeternitate
1006 872 1184 931 imperii
1225 875 1269 917 et
1301 887 1383 930 pro
1418 887 1483 917 sa-

54 934 150 979 lute
181 934 456 993 principum,
489 934 630 978 immo
663 950 746 992 pro
769 935 912 979 salute
938 935 1195 993 principum
1222 950 1274 980 ac
1298 938 1485 994 propter
1526 974 1529 976 .

53 997 158 1042 illos
190 1012 274 1055 pro
307 997 571 1042 aeternitate
603 997 782 1056 imperii
814 998 1081 1042 solebamus.
1145 997 1269 1043 Haec
1294 1013 1377 1056 pro
1403 998 1485 1042 im·
1510 1008 1534 1040 4

53 1062 260 1119 peratore
297 1062 454 1105 nostro
494 1060 542 1104 in
582 1076 695 1118 quae
738 1061 829 1105 sint
873 1061 1010 1105 verba
1052 1064 1277 1119 suscepta,
1323 1076 1486 1119 operae

55 1123 252 1181 pretium
278 1126 347 1168 est
373 1122 609 1168 adnotare:
645 1122 721 1168 ‘Si
754 1124 884 1168 bene
911 1140 1017 1168 rem
1044 1123 1319 1182 publicam
1347 1127 1398 1168 et
1423 1139 1485 1168 ex

55 1186 306 1231 utilitate
333 1186 566 1231 omnium
591 1186 828 1231 remerisss
862 1186 1013 1246 Digna
1032 1190 1151 1245 vota,
1173 1202 1287 1244 quae
1308 1203 1485 1245 semper

56 1249 362 1308 suscipiantur
383 1264 648 1308 semperque
675 1250 920 1295 solvantur
954 1249 1065 1309 Egit
1092 1265 1194 1294 cum
1223 1250 1290 1294 dis
1311 1250 1411 1308 ipso
1437 1253 1483 1294 te
1510 1260 1533 1293 5

56 1314 253 1370 auctore,
285 1311 458 1370 Caesar,
485 1327 555 1357 res
582 1312 778 1370 publica,
803 1316 855 1357 ut
880 1315 925 1357 te
953 1313 1167 1370 sospitem
1194 1313 1485 1357 incolumem-

56 1390 143 1433 que
175 1377 473 1434 praestarent,
515 1376 555 1420 si
593 1379 645 1420 tu
678 1378 848 1420 ceteros
882 1376 1199 1434 praestitisses3
1244 1377 1283 1420 si
1315 1378 1484 1433 contra,

55 1438 125 1483 1111
167 1453 349 1497 quoque
391 1454 417 1482 a
459 1438 664 1483 custodia
705 1438 772 1483 tui
812 1439 971 1496 capitis
1012 1439 1166 1483 oculos
1206 1438 1486 1483 dimoverent

54 1503 191 1559 teque
216 1502 525 1560 relinquerent
550 1502 688 1558 votis,
722 1517 836 1559 quae
856 1517 949 1546 non
969 1502 1119 1559 palam
1140 1502 1485 1559 susciperentur.

55 1562 151 1609 Alii
182 1579 231 1609 se
263 1565 526 1623 superstites
566 1565 631 1608 rei
663 1565 870 1622 publicae
910 1564 1128 1622 optabant
1159 1564 1534 1622 faciebantque,6

54 1627 142 1672 tibi
173 1628 295 1672 salus
326 1630 407 1672 tua
439 1628 585 1672 invisa
618 1630 702 1685 est,
744 1628 782 1672 si
813 1643 906 1671 non
945 1627 1004 1671 sit
1037 1642 1139 1671 cum
1178 1628 1244 1672 rei
1276 1627 1485 1686 publicae

56 1690 201 1735 salute
234 1690 485 1736 coniuncta.
550 1689 680 1735 Nihil
713 1706 795 1748 pro
828 1693 874 1734 te
907 1691 1072 1748 pateris
1101 1691 1261 1748 optari,
1291 1690 1380 1734 nisi
1413 1706 1485 1735 ex-

55 1753 210 1812 pediat
248 1753 529 1812 optantibus,
569 1753 869 1810 omnibusque
908 1753 1035 1796 annis
1076 1753 1123 1796 in
1157 1753 1396 1798 consilium
1431 1753 1485 1797 de

55 1819 101 1861 te
134 1817 240 1861 deos
274 1816 418 1861 mittis
452 1816 704 1875 exigisque,
743 1819 795 1860 ut
828 1816 1095 1860 sententiam
1136 1831 1263 1860 suam
1296 1818 1484 1873 mutent,

56 1879 94 1924 si
139 1880 245 1924 talis
291 1895 388 1924 esse
434 1879 638 1936 desieris,
690 1879 835 1936 qualis
882 1880 1050 1923 electus
1097 1894 1163 1936 es,
1214 1882 1260 1923 et
1310 1879 1484 1938 ingenti
1513 1890 1533 1924 '1

56 1942 351 2000 conscientia,
384 1941 563 1999 Caesar,
598 1942 726 1999 quasi
752 1942 990 1998 pacisceris
1019 1956 1120 1993 cum
1154 1942 1240 1999 dis,
1273 1944 1326 1986 ut
1356 1944 1415 1999 te,
1447 1941 1485 1986 si

56 2005 291 2064 merueris,
337 2008 537 2062 servent,
582 2020 684 2049 cum
719 2005 852 2062 scias,
900 2020 957 2048 an
991 2005 1220 2062 merearis,
1259 2004 1484 2049 neminem

157 2119 179 2153 3
201 2117 300 2154 sent.
315 2128 417 2164 quae
433 2127 551 2163 quam
573 2127 591 2153 e
610 2127 679 2152 suo
695 2116 853 2153 Monac.
866 2116 918 2152 K.
931 2116 989 2152 II.
1064 2119 1086 2151 4
1100 2114 1324 2152 verborum!
1338 2114 1483 2164 (tum)

57 2177 159 2214 quae
191 2167 349 2213 Baehr„
381 2166 589 2203 verborum
623 2176 724 2212 quae
760 2165 818 2202 vel
851 2164 970 2202 verbo
1003 2177 1132 2202 rerum
1171 2176 1273 2212 quae
1308 2166 1366 2202 vel
1400 2177 1484 2202 ver-

56 2216 195 2254 borum
241 2228 449 2264 rerumque
495 2216 614 2261 codd„
659 2214 866 2253 verborum
911 2227 1137 2262 rerumque,
1194 2227 1296 2262 quae
1341 2215 1483 2253 Suster.

58 2271 105 2304 13
132 2279 204 2315 pro
229 2267 469 2314 imperatore
490 2267 680 2311 Perizon„
705 2266 875 2323 Gesner„
902 2266 954 2303 K.
970 2267 1031 2312 II,
1058 2266 1213 2312 Baehr„
1235 2266 1387 2312 Muezz„
1412 2277 1483 2314 pro

55 2318 787 2426 ἘᾞΟυῖῗῑὲέῑᾶἔηωέἶξῗέἳὲ.
795 2316 884 2353 “⁰²⁶²
876 2316 953 2403 ἐξ
960 2317 1003 2403 ἕ(
1018 2316 1177 2412 *Ξωέῗῖῖζ
1197 2316 1484 2415 3532?ssng

57 2418 127 2455 sed
158 2418 298 2470 ingens
326 2418 402 2455 tibi
437 2416 696 2463 conscientia,
730 2415 891 2463 Caesar,
925 2428 1003 2464 qua.
1035 2416 1056 2453 ,9
1083 2417 1136 2454 K.
1289 2420 1336 2453 28
1370 2417 1484 2464 quasi

56 2469 214 2515 Baehr,
246 2469 398 2514 Muell„
433 2479 511 2514 qua
544 2467 666 2513 codd„
699 2479 769 2504 om.
797 2467 899 2515 vuly.
1052 2470 1098 2503 29
1132 2467 1321 2504 merueris
1355 2468 1409 2504 K
1425 2468 1485 2513 11,

57 2519 212 2566 Baehr„
244 2520 396 2564 Muell,
421 2518 634 2555 mereberis
661 2518 782 2564 codd„
810 2518 862 2554 K.
878 2518 912 2554 1.
