1656 2684
124 177 178 218 14
704 164 741 201 C.
768 162 899 199 PLINI

121 284 342 337 finiuntur,
375 293 578 337 magnum
611 292 664 319 ex
695 276 789 332 ipsa
813 273 1072 317 necessitate
1099 269 1312 314 solacium
1337 270 1423 337 9⁸¹23
1454 267 1502 312 in

123 346 174 387 iis
213 357 332 394 vero,
376 354 484 397 quos
522 337 731 382 accersita
768 349 885 378 mors
923 333 1084 386 aufert,
1128 331 1203 375 hic
1242 329 1500 375 insanabilis

75 417 95 448 3
125 405 249 448 dolor
279 405 362 457 est,
394 400 509 457 quod
541 398 775 442 creduntur
806 395 1001 452 potuisse
1033 393 1109 436 diu
1140 392 1296 435 vivere.
1355 389 1502 435 Corel-

123 466 228 508 lium
267 462 436 519 quidem
478 474 646 503 summa
683 458 814 510 ratio,
859 469 969 512 quae
1008 453 1279 511 sapientibus
1310 466 1394 510 pro
1425 466 1500 496 ne·

123 526 319 570 cessitate
357 526 439 575 est,
477 521 531 564 ad
567 520 653 563 hoc
690 517 921 562 consilium
962 514 1192 571 compulit,
1233 527 1502 571 quamquam
1526 525 1544 553 ε

123 587 328 643 plurimas
361 582 531 626 vivendi
564 595 714 624 causas
746 579 996 632 habentem,
1034 575 1247 633 optimam
1279 573 1502 619 conscien-

123 649 246 700 tiam,
286 645 495 701 optimam
527 642 708 696 famam,
748 639 980 683 maximam
1013 637 1340 692 auctoritatem,
1379 649 1503 693 prae-

123 711 238 750 terea
279 705 432 760 filiam,
475 718 673 755 uxorem,
711 703 932 757 nepotem,
976 713 1145 742 sorores
1189 697 1392 754 interque
1431 698 1504 740 tot

76 779 96 810 4
124 769 306 825 pignora
347 780 472 808 veros
516 764 689 807 amicos.
760 761 843 804 Sed
888 764 978 803 tam
1017 761 1170 817 longa,
1213 761 1306 802 tam
1349 756 1503 815 iniqua

124 827 366 871 valetudine
398 824 742 878 conflictabatur,
782 825 830 865 ut
860 822 967 864 haec
998 823 1121 863 tanta
1151 820 1295 877 pretia
1325 817 1503 863 vivendi
1527 829 1564 858 ιο

124 889 273 932 mortis
317 886 557 930 rationibus
606 885 891 927 vincerentur.
955 881 1102 925 Tertio
1154 884 1198 924 et
1245 879 1501 924 tricensimo

124 964 249 1003 anno,
279 951 329 991 ut
359 948 503 1004 ipsum
535 945 774 999 audiebam,
805 944 964 1001 pedum
990 943 1141 986 dolore
1167 943 1397 999 correptus
1423 943 1502 985 est.

125 1009 293 1052 Patrius
338 1008 411 1052 hic
454 1007 539 1062 illi3
581 1021 683 1049 nam
727 1006 983 1062 plerumque
1027 1002 1171 1047 morbi
1209 1017 1386 1060 quoque
1423 1016 1504 1059 per

77 1081 97 1111 5
124 1070 413 1114 successiones
452 1068 659 1125 quasdam
697 1069 747 1109 ut
784 1066 868 1108 alia
899 1065 1142 1108 traduntur.
1205 1063 1340 1108 Hunc
1370 1062 1503 1107 abuti-

124 1131 286 1185 nentia,
323 1130 568 1184 sanctitate,
606 1127 748 1184 quoad
779 1126 928 1169 viridis
960 1129 1097 1182 aetas,
1134 1125 1244 1169 vicit
1275 1127 1322 1169 et
1350 1124 1504 1183 fregit3
1529 1135 1567 1170 15

124 1192 356 1234 novissime
388 1205 486 1234 cum
519 1191 738 1233 senectute
770 1188 1141 1245 ingravescentem
1171 1185 1342 1230 viribus
1367 1185 1504 1230 animi

125 1252 383 1306 sustinebat,
420 1265 518 1294 cum
557 1250 731 1306 quidem
768 1249 1033 1292 incredibilis
1066 1248 1286 1291 cruciatus
1319 1249 1364 1291 et
1394 1246 1505 1290 indi-

79 1322 99 1353 6
126 1313 332 1370 gnissima
361 1314 578 1354 tormenta
608 1313 838 1367 pateretur.
889 1309 982 1353 Iam
1014 1309 1130 1352 enim
1163 1309 1291 1352 dolor
1313 1323 1407 1352 non
1431 1322 1506 1364 pe·

127 1373 250 1415 dibus
283 1372 385 1415 solis
417 1375 467 1415 ut
497 1372 618 1428 prius
651 1371 877 1427 insidebat,
909 1371 983 1414 sed
1016 1370 1164 1414 omnia
1187 1369 1385 1413 membra
1408 1383 1505 1426 per-

128 1434 371 1490 vagabatur.
417 1432 530 1476 Veni
556 1432 610 1475 ad
636 1447 735 1475 eum
762 1431 1003 1484 Domitiani
1029 1431 1305 1488 temporibus
1330 1431 1380 1474 in
1404 1429 1504 1474 sub·
1528 1441 1566 1469 ³⁰

81 1503 99 1534 7
127 1493 290 1536 urbano
317 1495 537 1536 iacentem.
582 1491 705 1536 Servi
731 1508 754 1535 e
774 1493 973 1536 cubiculo
993 1494 1283 1536 recesserunt:
1314 1491 1507 1536 habebat

127 1554 211 1597 hoc
259 1555 408 1607 moris,
458 1554 657 1610 quotiens
701 1554 904 1597 intrasset
946 1553 1117 1596 fidelior
1161 1554 1348 1610 amicus;
1398 1552 1507 1610 quin

128 1615 255 1657 etiam
312 1629 420 1657 uxor
482 1630 742 1671 quamquam
805 1615 946 1657 omnis
1009 1614 1164 1658 secreti
1220 1614 1507 1672 capacissima

80 1683 102 1715 8
128 1675 457 1732 digrediebatur.
526 1674 801 1718 Circumtulit
845 1676 994 1719 oculos
1027 1678 1071 1718 et
1097 1675 1214 1718 ecur'
1240 1675 1388 1732 inquit
1413 1673 1507 1718 ‘me

128 1738 254 1792 putas
286 1735 366 1778 hos
397 1737 542 1778 tantos
575 1735 744 1779 dolores
769 1739 860 1779 tam
885 1737 961 1779 diu
987 1735 1231 1780 sustinere?
1261 1739 1313 1780 ut
1337 1735 1510 1780 scilicet
1530 1745 1567 1774 ’ὃ

126 1796 201 1838 isti
231 1795 390 1839 latroni
421 1796 491 1838 vel
515 1811 602 1838 uno
635 1796 702 1839 die
734 1797 974 1853 supersim.'
1006 1797 1209 1841 Dedisses
1234 1797 1340 1841 huic
1358 1796 1506 1841 animo

127 1871 207 1913 par
238 1870 407 1912 corpus,
438 1856 622 1913 fecisset,
655 1857 770 1912 quod
802 1859 993 1914 optabat.
1043 1858 1200 1902 Adfuit
1225 1861 1374 1902 tamen
1399 1857 1506 1902 deus

129 1920 251 1972 voto,
282 1917 402 1960 cuius
435 1917 508 1959 ille
540 1931 717 1972 compos
749 1920 799 1960 ut
829 1919 915 1961 iam
948 1933 1122 1963 securus
1153 1919 1352 1976 liberque
1376 1918 1508 1963 mori-

128 1980 251 2020 turus
289 1977 427 2020 multa
463 1978 538 2020 illa
569 1978 701 2033 vitae,
739 1978 814 2020 sed
845 1979 1015 2022 minora
1044 1981 1286 2024 retinacula
1317 1979 1507 2037 abrupit.

81 2045 102 2077 9
128 2036 372 2080 Increverat
403 2038 625 2094 valetudo,
657 2053 787 2094 quam
819 2041 1108 2096 temperantia
1139 2042 1343 2100 mitigare
1367 2043 1507 2097 temp·
1532 2051 1570 2077 8⁰

129 2098 257 2153 tavit3
294 2103 638 2154 perseverantem
671 2101 916 2143 constantia
947 2101 1072 2158 sugit.
1134 2101 1227 2146 Iam
1260 2103 1352 2146 dies
1385 2102 1508 2156 alter,

129 2159 302 2211 tertius,
347 2162 544 2214 quartus:
588 2160 834 2203 abstinebat
871 2162 980 2205 cibo.
1042 2162 1163 2206 Misit
1201 2163 1255 2206 ad
1293 2178 1364 2206 me
1396 2177 1509 2206 uxor
1560 2193 1564 2196 -

129 2219 220 2262 eius
259 2218 463 2275 Hispulla
504 2234 777 2263 communem
819 2222 1004 2265 amicum
1038 2222 1082 2267 G.
1117 2222 1367 2268 Geminium
1408 2238 1510 2268 cum

228 2330 249 2361 6
270 2326 454 2371 optimam
475 2327 746 2362 conscientiam
766 2339 834 2364 om.
856 2329 906 2365 M
919 2330 1000 2374 Vs,
1026 2331 1212 2376 optimam
1233 2331 1376 2367 famam
1389 2343 1458 2368 om.
1466 2341 1508 2377 p.

129 2378 174 2410 21
207 2373 375 2410 habebat
399 2375 470 2410 hoc
497 2375 653 2419 RMV,
685 2376 748 2420 K.,
774 2376 811 2412 h.
838 2377 938 2412 enim
964 2378 1000 2414 h.
1027 2380 1199 2425 Fprs,
1233 2380 1380 2425 Catari„
1415 2379 1499 2417 otto

78 2463 80 2466 ,
128 2423 166 2459 h.
185 2422 220 2459 is
238 2422 274 2459 h.
295 2435 331 2466 a,
351 2423 397 2467 cf.
419 2424 523 2467 infra
543 2424 593 2459 aa
612 2424 686 2460 111
701 2428 735 2469 5,
755 2428 790 2460 4.
871 2429 915 2461 22
937 2427 1029 2472 quin
1049 2438 1116 2464 om.
1139 2429 1189 2463 M
1203 2429 1242 2465 V.
1320 2432 1363 2465 31
1393 2407 1510 2476 fregit

130 2471 347 2508 Mommsen.
