1716 2742
180 120 272 166 312
623 118 663 157 Ο.
690 118 827 155 PLINI
854 118 919 156 ET
946 118 1160 156 TRAIANI

177 234 358 278 interim
385 233 454 278 ius
483 234 726 286 Quiritium
759 234 848 278 des,
914 233 1084 279 Vereor
1113 235 1253 292 enim,
1284 250 1340 279 ne
1377 235 1436 279 sit
1465 235 1607 280 inmo-

178 297 328 342 dicum
351 312 430 354 pro
453 297 660 340 omnibus
688 297 858 355 pariter
878 297 1088 342 invocare
1108 297 1435 356 indulgentiam
1468 301 1607 356 tuam,

178 375 266 418 qua
299 360 438 403 debeo
472 362 598 404 tanto
633 360 878 405 modestius
919 360 1005 417 uti,
1050 363 1218 417 quanto
1252 361 1499 418 pleniorem
1534 376 1606 404 ex-

176 423 338 480 perior.
415 420 530 466 Sunt
576 425 744 480 autem,
796 438 879 480 pro
927 421 1090 480 quibus
1137 426 1262 481 peto,
1309 422 1354 467 O.
1398 422 1605 468 Valerius

175 483 410 542 Astraeus,
444 483 488 529 O.
523 484 731 530 Valerius
765 484 1032 544 Dionysius,
1066 484 1111 530 C.
1148 485 1354 531 Valerius
1387 485 1522 544 Aper.
1638 502 1655 530 5

757 589 838 630 cv.
877 587 1021 642 [cvi]

656 666 911 702 TRAIANUS
938 667 1128 702 PLINIO.

268 735 380 781 Cum
414 737 730 782 honestissime
762 737 837 795 iis,
872 737 950 795 qui
984 737 1103 795 apud
1138 737 1272 781 fidem
1305 739 1431 781 tuam
1464 752 1490 781 a
1516 735 1605 782 Va-

172 799 284 844 lerio
313 799 503 844 Paulino
532 800 727 858 depositi
754 803 877 858 sunt,
910 801 1167 845 consultum
1188 799 1299 844 velis
1321 802 1496 844 mature
1522 815 1604 858 per

171 878 261 921 me,
306 862 361 907 iis
398 863 596 921 interim,
642 863 805 921 quibus
842 879 963 908 nunc
998 863 1171 921 petisti,
1215 862 1388 907 dedisse
1424 878 1495 907 me
1531 863 1601 907 ius
1630 880 1665 907 ιο

172 922 415 978 Quiritium
459 927 616 971 referri
660 927 707 971 in
760 926 1105 971 commentarios
1158 940 1281 971 meos
1327 925 1438 971 iussi
1483 925 1602 970 idem

170 988 370 1034 facturus
403 989 451 1033 in
485 989 660 1047 ceteris,
693 1005 776 1048 pro
812 989 974 1047 quibus
1006 989 1199 1048 petieris.

729 1093 833 1135 ovi.
872 1092 1038 1147 [svn]

446 1170 489 1205 C.
509 1171 716 1206 PLINIUS
745 1172 969 1206 TRAIANO
996 1170 1328 1206 IMPERATORI.

262 1240 484 1301 Rogatus,
532 1241 730 1300 domine,
776 1259 811 1286 a.
847 1241 894 1286 P.
928 1241 1067 1287 Accio
1102 1240 1288 1299 Aquila,
1340 1241 1599 1286 centurione
1627 1259 1662 1286 15

168 1303 367 1349 cohortis
393 1307 542 1349 sextae
571 1305 804 1363 equestris,
836 1307 888 1349 ut
914 1305 1138 1349 mitterem
1158 1304 1243 1349 tibi
1261 1303 1485 1362 libellum,
1519 1319 1600 1362 per

167 1382 300 1425 quem
333 1367 660 1426 indulgentiam
693 1383 775 1426 pro
811 1371 931 1412 statu
963 1368 1083 1412 filiae
1117 1383 1222 1412 suae
1254 1366 1486 1425 implorat,
1521 1367 1599 1412 du·

164 1444 266 1474 rum
298 1431 455 1488 putavi
487 1445 669 1490 negare,
704 1447 806 1476 cum
835 1431 1015 1489 scirem,
1048 1433 1263 1489 quantam
1290 1430 1456 1476 soleres
1483 1430 1598 1474 mili-

164 1495 261 1539 tum
295 1494 502 1551 precibus
537 1495 801 1552 patientiam
833 1495 1250 1552 humanitatemque
1282 1495 1520 1551 praestare.

698 1598 824 1640 cvii.
861 1596 1051 1651 [cvm]
1623 1611 1660 1638 20

641 1675 896 1710 TRAIANUS
929 1675 1119 1710 PLINIO.

255 1746 482 1791 Libellum
498 1747 543 1791 P.
560 1746 672 1792 Acci
692 1746 905 1806 Aquilae,
933 1747 1208 1793 centurionis
1224 1746 1423 1792 cohortis
1446 1749 1596 1791 sextae

162 1810 402 1868 equestris,
435 1826 567 1868 quem
602 1809 714 1855 mihi
747 1810 927 1868 misisti,
960 1810 1070 1870 legi3
1105 1810 1230 1855 cuius
1261 1810 1468 1868 precibus
1502 1825 1596 1854 mo-

160 1874 234 1917 tus
287 1873 389 1917 dedi
441 1873 560 1918 filiae
614 1874 708 1918 eius
762 1874 991 1918 civitatem
1043 1872 1304 1917 Romanam.
1370 1872 1595 1917 Libellum

160 1935 386 1994 rescripti,
421 1951 554 1994 quem
587 1937 656 1981 illi
688 1937 917 1995 redderes,
949 1936 1051 1981 misi
1084 1936 1179 1981 tibi.
1621 1951 1656 1979 25

707 2053 855 2094 cvm.
894 2051 1037 2106 [cix]

437 2130 479 2164 C.
501 2130 707 2165 PLINIUS
736 2130 960 2165 TRAIANO
988 2130 1322 2165 IMPERATORI.

255 2198 371 2252 Quid
413 2200 576 2245 habere
625 2201 735 2246 iuris
778 2202 889 2246 velis
940 2203 984 2245 et
1027 2200 1248 2258 Bithynas
1292 2202 1337 2244 et
1379 2199 1590 2245 Ponticas

159 2261 362 2308 civitates
396 2263 444 2307 in
480 2264 710 2324 exigendis
744 2264 965 2322 pecunfis,
1009 2279 1123 2321 quae
1156 2263 1247 2307 illis
1283 2263 1354 2308 vel
1387 2278 1442 2307 ex
1473 2263 1592 2308 loca-

259 2364 280 2397 5
309 2362 415 2408 Aper
441 2363 535 2409 Ba,
565 2363 617 2402 K.
634 2364 669 2409 I,
699 2363 841 2408 Hard„
875 2362 979 2399 Axer
1005 2363 1055 2407 A,
1083 2362 1107 2410 7⁴
1134 2362 1223 2399 add.
1247 2362 1299 2399 K.
1314 2362 1370 2398 II
1389 2365 1424 2398 et
1450 2361 1589 2399 Muell.

158 2413 180 2447 9
207 2411 304 2448 velis
331 2413 483 2450 mature
503 2424 575 2460 per
594 2425 668 2459 me,
696 2413 745 2450 iis
767 2413 961 2458 Beroazd„
991 2413 1092 2457 K.1,
1122 2412 1273 2458 Hard.,·
1298 2410 1407 2458 velis,
1434 2413 1591 2448 matura

155 2473 228 2508 per
252 2473 326 2501 me.
379 2462 432 2499 Iis
461 2464 512 2500 K.
528 2465 588 2510 II,
617 2464 753 2501 Muell.
878 2467 923 2500 16
951 2462 1123 2500 cohortis
1150 2462 1204 2499 111
1231 2461 1463 2509 campestris
1491 2463 1588 2500 coni.

158 2513 384 2550 Mommsen.
407 2513 489 2551 coll.
511 2514 626 2552 inser.
649 2515 705 2552 ed.
727 2515 888 2551 He‘nzen
913 2526 951 2550 n.
974 2515 1086 2550 5443.
