1630 2678
218 141 276 184 32
807 132 845 170 C.
871 131 1005 168 PLINI

217 250 433 305 darentur,
453 247 606 291 deinde
627 249 676 289 ut
694 244 831 288 futuri
845 243 1063 300 principes
1077 256 1167 285 non
1188 239 1316 297 quasi
1332 255 1360 286 a
1378 240 1603 299 magistro,

216 310 292 355 sed
311 314 454 354 tamen
481 308 560 352 sub
580 306 779 362 exemplo
799 305 1195 362 praemonerentur,
1215 316 1304 358 qua
1321 301 1603 360 potissimum

168 384 190 417 8
216 372 287 415 via
319 372 495 427 possent
525 368 579 412 ad
611 367 790 411 eandem
823 366 1009 423 gloriam
1042 363 1134 406 niti.
1196 362 1315 407 Nam
1339 363 1602 421 praecipere,

217 432 356 488 qualis
399 446 490 474 esse
535 429 690 472 debeat
732 427 953 484 princeps,
1002 424 1237 482 pulchrum
1283 423 1482 481 quidem,
1526 424 1603 468 sed

216 507 445 536 onerosum
490 505 540 534 ac
571 504 707 546 prope
739 488 973 544 superbum
1006 489 1091 541 est,
1134 485 1314 528 laudare
1350 500 1456 530 vero
1489 485 1630 542 opti-4

216 568 333 596 mum
373 552 615 609 principem
656 564 707 593 ac
748 563 826 605 per
866 549 951 592 hoc
992 546 1179 604 posteris
1211 546 1335 590 velut
1359 561 1390 590 -e
1422 547 1602 604 specula

213 615 375 668 lumen,
408 612 525 668 quod
551 613 807 667 sequantur,
838 609 1064 653 ostendere
1090 607 1207 651 idem
1226 606 1431 651 utilitatis
1456 607 1602 665 habet,

165 687 188 718 4
214 674 491 732 adrogantiae
523 672 644 715 nihil.
710 670 815 727 Cepi
846 674 991 714 autem
1022 684 1113 713 non
1150 668 1415 713 mediocrem
1445 668 1601 726 volup·

213 739 362 791 tatem,
395 733 530 790 quod,
577 734 695 776 hunc
740 732 901 775 librum
942 746 1042 775 cum
1080 730 1232 774 amicis
1263 729 1447 774 recitare
1477 729 1602 774 volu-

211 797 363 852 issem,
402 810 491 838 non
532 809 610 851 per
653 792 898 848 codicillos,
949 807 1038 835 non
1081 806 1161 848 per
1201 791 1396 847 libellos,
1439 790 1516 835 sed
1549 790 1630 838 ‘si-2

213 855 509 901 commodum'
541 858 585 898 et
627 854 683 897 ‘si
708 854 834 897 valde
859 852 1052 897 vacaret'
1093 851 1307 895 admoniti
1339 850 1601 910 (numquam

211 933 341 975 porro
382 920 458 960 aut
494 917 619 959 valde
651 918 776 958 vacat
806 914 972 958 Romae
1010 916 1085 957 aut
1117 912 1398 957 commodum
1429 915 1497 957 est
1527 928 1602 957 au-

211 979 302 1022 dire
334 975 618 1035 recitantem),
650 976 911 1020 foedissimis
943 976 1124 1031 insuper
1153 974 1490 1031 tempestatibus
1522 989 1602 1032 per

211 1040 392 1083 biduum
425 1040 739 1092 convenerunt,
772 1052 957 1093 cumque
990 1035 1205 1080 modestia
1235 1050 1334 1079 mea
1370 1035 1505 1080 finem
1535 1049 1600 1079 re—

211 1100 408 1144 citationi
451 1100 591 1143 facere
634 1098 861 1154 voluisset,
906 1101 956 1141 ut
998 1098 1213 1141 adicerem
1250 1097 1431 1142 tertium
1471 1096 1630 1154 diem,:

164 1171 185 1202 5
211 1163 459 1219 exegerunt.
521 1159 631 1203 Mihi
671 1159 789 1203 hunc
833 1159 1045 1202 honorem
1096 1158 1298 1202 habitum
1347 1160 1500 1215 putem
1543 1173 1600 1202 an

211 1222 398 1265 studiis?
429 1221 584 1264 studiis
617 1221 751 1276 malo,
793 1235 903 1276 quae
941 1235 1078 1277 prope
1110 1219 1304 1263 extincta
1333 1218 1600 1263 refoventur.

164 1293 185 1323 6
209 1282 271 1325 At
301 1284 372 1326 cui
403 1282 608 1325 materiae
634 1282 747 1325 hanc
772 1281 1046 1324 sedulitatem
1066 1279 1414 1337 praestiterunt?
1440 1294 1600 1338 nempe

211 1359 341 1399 quam
373 1344 419 1386 in
445 1346 598 1387 senatu
623 1357 816 1399 quoque,
848 1342 925 1386 ubi
956 1342 1126 1399 perpeti
1151 1355 1327 1386 necesse
1359 1343 1470 1398 erat,
1503 1356 1600 1400 gra-

210 1405 302 1447 vari
342 1408 487 1447 tamen
527 1404 598 1446 vel
638 1407 800 1460 puncto
842 1404 1054 1459 temporis
1097 1403 1365 1459 solebamus,
1415 1403 1630 1450 eandema

210 1479 348 1520 nunc,
388 1468 432 1507 et
472 1466 547 1520 qui
583 1465 765 1508 recitare
797 1467 841 1507 et
873 1465 948 1520 qui
981 1465 1129 1508 audire
1161 1465 1308 1508 triduo
1340 1463 1496 1520 velint,
1532 1463 1598 1507 in·

212 1526 460 1581 veniuntur,
492 1541 580 1568 non
613 1526 715 1581 quia
746 1526 1020 1582 eloquentius
1048 1541 1176 1582 quam
1211 1526 1353 1583 prius,
1385 1524 1463 1569 sed
1493 1524 1599 1581 quia

165 1594 185 1626 '1
211 1586 389 1629 liberius
430 1587 612 1641 ideoque
662 1587 792 1629 etiam
848 1587 1056 1630 libentius
1108 1586 1323 1630 scribitur.
1404 1585 1599 1630 Accedet

211 1661 315 1704 ergo
356 1647 440 1690 hoc
481 1662 653 1702 quoque
693 1648 895 1691 laudibus
933 1648 1146 1704 principis
1179 1647 1338 1703 nostri,
1377 1647 1497 1704 quod
1527 1661 1597 1691 res

211 1710 338 1750 antea
368 1710 457 1750 tam
488 1708 627 1750 invisa
658 1723 788 1763 quam
820 1709 931 1751 falsa
960 1724 1078 1752 nunc
1109 1712 1160 1752 ut
1183 1724 1287 1753 vera
1310 1709 1374 1752 ita
1397 1707 1598 1752 amabilis
1623 1725 1630 1752 ¹

163 1775 186 1809 8
210 1768 327 1812 facta
358 1771 434 1810 est.
497 1767 580 1811 Sed
607 1784 687 1825 ego
721 1784 819 1812 cum
851 1770 1043 1813 studium
1069 1770 1342 1815 audientium
1366 1772 1462 1814 tum
1486 1768 1598 1813 iudi-

211 1829 326 1873 cium
354 1829 460 1871 mire
481 1829 681 1884 probavi3
713 1830 998 1873 animadverti
1025 1832 1140 1874 enim
1167 1830 1443 1876 severissima
1468 1844 1598 1887 quae-

164 1898 185 1930 9
212 1904 296 1945 que
327 1890 397 1932 vel
438 1890 623 1933 maxime
661 1891 918 1934 satisfacere.
980 1891 1162 1935 Memini
1194 1891 1372 1949 quidem
1403 1906 1474 1935 me
1503 1905 1596 1935 non

210 1950 360 1994 multis
401 1951 623 2005 recitasse,
664 1951 780 2006 quod
819 1953 1020 1996 omnibus
1063 1953 1236 2010 scripsi,
1274 1953 1416 1997 nihilo
1448 1951 1594 1996 minus

210 2013 374 2066 tamen,
421 2013 642 2066 tamquam
684 2012 741 2054 sit
780 2013 929 2055 eadem
961 2014 1156 2057 omnium
1187 2014 1337 2058 futura
1367 2013 1595 2070 sententia,
1619 2031 1630 2060 ε

210 2071 294 2115 hac
334 2071 561 2115 severitate
605 2072 774 2115 aurium
814 2074 953 2116 laetor
996 2089 1062 2130 ac,
1115 2075 1228 2119 sicut
1271 2075 1379 2120 olim
1422 2074 1596 2119 theatra

210 2133 323 2175 male
355 2133 542 2175 musicos
575 2146 726 2175 canere
758 2133 1014 2190 docuerunt,
1047 2136 1108 2178 ita
1138 2151 1256 2180 nunc
1287 2137 1335 2180 in
1365 2150 1502 2193 spem?
1519 2134 1593 2180 ad-

209 2192 345 2236 ducor
384 2207 512 2248 posse
550 2193 665 2248 fieri,
706 2196 755 2236 ut
792 2195 940 2237 eadem
971 2196 1141 2240 theatra
1173 2198 1283 2241 bene
1314 2212 1470 2242 canere
1500 2211 1594 2240 mu-

138 2262 182 2296 10
207 2253 321 2297 sicos
341 2253 535 2296 doceant.
562 2251 721 2297 Omnes
741 2255 878 2311 enim,
904 2257 980 2311 qui
1003 2258 1205 2313 placendi
1225 2273 1358 2303 causa
1382 2257 1593 2314 scribunt,

210 2444 218 2452 .
305 2396 352 2432 8³
367 2407 439 2442 pro
469 2396 571 2433 idem
603 2398 732 2434 malim
760 2400 987 2436 tantundem
1012 2402 1068 2438 vel
1093 2402 1257 2439 multum
1282 2403 1340 2440 vel
1365 2401 1591 2453 (multum)

206 2444 326 2491 fflem,
351 2445 400 2490 ef.
417 2447 480 2490 21,
501 2449 544 2490 1;
565 2446 654 2490 1⁷3,
678 2450 734 2482 11.
1480 2462 1483 2463 ⁷
1508 2463 1510 2465 >
1547 2480 1557 2485 Α,
