1716 2742
472 124 836 173 EPISTULARUM
863 135 934 172 vn
965 140 1122 173 17-19.
1251 153 1253 155 -
1427 138 1511 182 191

738 255 894 294 XVIII.
968 250 1185 301 amaa„
1223 256 1264 299 5..
1295 248 1494 302 ms:

446 344 489 378 C.
512 343 718 377 PLINIUS
747 343 957 377 CANINIO
987 344 1082 377 SUO
1112 344 1149 377 S.

177 425 409 471 Deliberas
437 441 634 483 mecum,
667 440 798 483 quem
834 425 889 469 ad
916 426 1101 470 modum
1134 427 1345 483 pecunia,
1379 441 1513 484 quam
1543 438 1562 470 1

79 488 385 547 municipibus
418 489 586 533 nostris
619 489 667 532 in
706 489 890 546 epulum
926 488 1150 546 obtulisti,
1190 492 1295 546 post
1326 492 1371 533 te
1406 504 1514 546 quo-

34 569 53 597 5
81 566 167 610 que
187 552 325 596 ‘salva
357 551 427 596 sit.
493 551 697 596 Honesta
724 552 1017 609 consultatio,
1050 567 1143 596 non
1177 552 1384 610 expedita
1417 566 1513 596 sen-

78 614 232 659 tentia-
283 613 506 660 Numeres
539 615 604 659 rei
637 613 845 672 publicae
880 630 1121 658 summam:
1155 614 1398 658 verendum
1434 617 1513 671 est,

77 693 135 722 ne
155 676 391 722 dilabatur.
450 676 540 722 Des
562 692 714 736 agros:
747 679 799 721 ut
819 677 991 747 publici
1011 677 1321 736 neglegentur.
1373 677 1510 735 Equi·
1541 689 1562 721 2

79 739 180 784 dem
219 739 335 784 nihil
369 739 649 785 commodius
691 740 892 797 invenio,
933 755 1068 797 quam
1113 740 1234 798 quod
1277 740 1373 798 ipse
1415 740 1514 785 feci.

77 801 125 847 N
125 818 198 848 am
217 818 301 861 pro
323 803 583 862 quingentis
604 802 787 846 milibus
808 818 1064 873 nummum,
1099 817 1212 860 quae
1232 803 1279 846 in
1301 802 1515 847 alimenta

15 883 52 910 ιο
77 865 379 925 ingenuorum
400 865 788 925 ingenuarumque
807 866 1117 936 promiseram,
1149 881 1307 925 agrum
1329 882 1384 910 ex
1403 866 1514 910 meis

77 928 214 988 longe
246 928 390 987 pluris
434 929 577 973 actori
619 928 803 986 publico
838 928 1111 986 mancipavi3
1155 929 1344 973 eundem
1380 928 1514 973 vecti-

77 991 171 1050 gali
197 991 412 1050 imposito
440 992 589 1049 recepi
621 991 793 1036 tricena
826 992 952 1036 milia
985 1007 1133 1035 annua
1166 991 1363 1036 daturus.
1429 990 1515 1035 Per
1542 1003 1564 1035 3

77 1054 165 1099 hoc
197 1054 318 1099 enim
352 1056 397 1098 et
428 1055 493 1099 rei
526 1053 735 1124 publicae
777 1070 873 1099 sors
908 1055 956 1098 111
988 1056 1087 1098 tuto
1130 1069 1213 1098 nec
1245 1054 1415 1098 reditus
1450 1055 1514 1098 in-

77 1119 246 1174 certus,
287 1119 332 1161 et
374 1132 481 1176 ager
523 1117 619 1175 ipse
662 1119 848 1175 propter
890 1117 954 1175 id,
1000 1117 1120 1175 quod
1164 1118 1359 1176 vectigal
1390 1118 1514 1176 large

14 1196 50 1224 15
77 1179 373 1238 supercurrit,
407 1194 584 1238 semper
617 1180 869 1235 dominum,
905 1196 931 1224 a
964 1196 1054 1238 quo
1083 1183 1360 1237 exerceatur,
1393 1180 1513 1224 inve-

75 1243 182 1287 niet.
246 1241 343 1288 Nee
385 1241 546 1302 ignoro
587 1259 658 1287 me
702 1244 805 1301 plus
849 1243 1100 1301 aliquanto,
1145 1258 1280 1301 quam
1324 1243 1513 1287 donasse
1541 1255 1564 1287 4

75 1305 248 1361 videor,
290 1306 564 1364 erogavisse,
605 1321 707 1350 cum
748 1305 1044 1364 pulcherrimi
1078 1307 1175 1364 agri
1209 1305 1405 1364 pretium
1438 1321 1513 1350 110-

77 1368 260 1413 cessitas
293 1368 528 1428 vectigalis
562 1369 808 1428 infregerit.
876 1367 964 1413 Sed
991 1371 1172 1427 oportet
1204 1368 1393 1426 privatis
1427 1369 1514 1412 uti·
1541 1380 1564 1412 5

74 1431 280 1476 litatibus
313 1430 538 1490 publicas,
564 1432 834 1476 mortalibus
862 1434 1064 1476 aeternas
1093 1431 1315 1476 anteferre
1349 1431 1513 1475 multo-

12 1511 49 1539 20
77 1509 163 1551 que
184 1493 445 1554 diligentius
473 1495 649 1538 muneri
670 1510 751 1539 suo
782 1495 1013 1539 consulere
1042 1509 1176 1552 quam
1207 1493 1513 1539 facultatibus.

76 1557 202 1601 Vale.
1323 1610 1335 1619 .

735 1637 844 1676 XIX.
927 1630 1087 1683 ›Zao-155
1118 1635 1366 1714 {stemma-a
1396 1689 1398 1691 v

454 1725 496 1759 C.
524 1726 727 1759 PLINIUS
757 1724 938 1758 PRISCO
968 1724 1064 1758 SVO
1095 1725 1133 1758 S.

168 1806 314 1868 Angit
345 1824 416 1852 me
449 1808 647 1853 Fanniae
681 1808 904 1852 valetudo.
966 1807 1201 1853 Contraxit
1233 1808 1368 1866 hanc,
1403 1808 1510 1852 dum
1541 1820 1557 1851 1

10 1887 47 1915 2⁵
75 1869 249 1915 adsidet
273 1869 429 1915 Iuniae
455 1871 623 1930 virgini
650 1873 810 1928 sponte
836 1871 1032 1928 primum
1062 1870 1150 1932 (est
1176 1870 1295 1916 enim
1316 1869 1513 1930 adfinis),

9 1956 14 1959 ⁴
74 1933 234 1978 deinde
267 1932 404 1978 etiam
437 1949 492 1978 ex
525 1933 794 1978 auctoritate
820 1933 1100 1991 pontificum.
1147 1933 1266 1979 Nam
1300 1933 1511 1993 virgines,
1538 1945 1560 1977 2

74 2011 177 2041 cum
211 1996 256 2040 vi
289 1996 438 2040 morbi
474 1996 589 2041 atrio
625 1995 790 2041 Vestae
824 1999 1049 2056 coguntur
1082 1997 1313 2052 excedere,
1347 1999 1517 2040 matro-

73 2075 234 2103 narum
281 2074 412 2103 curae
459 2059 778 2117 custodiaeque
824 2059 1106 2104 mandantur.
1181 2059 1280 2113 Quo
1327 2075 1510 2103 munere

74 2121 248 2167 Fannia
284 2122 391 2166 dum
433 2122 588 2166 sedulo
622 2121 847 2181 fungitur,
879 2123 967 2167 hoc
1000 2123 1257 2168 discrimine
1290 2122 1511 2179 implicita

0 2176 49 2251 'po
75 2187 155 2229 est.
228 2183 431 2231 Insident
470 2184 636 2241 febreS,
675 2185 812 2230 tussis
852 2185 1081 2244 increscit,
1120 2201 1294 2230 summa
1333 2185 1511 2243 macies,
1538 2197 1561 2228 3

0 2256 11 2308 ξ
75 2263 253 2293 summa
285 2247 498 2327 defectio:
533 2248 707 2292 animus
741 2251 918 2292 tantum
952 2240 997 2293 et
1030 2249 1215 2310 spiritus
1250 2248 1373 2307 viget
1405 2246 1510 2291 Ηο1-

0 2352 17 2436 ὲ
176 2375 198 2408 6
232 2375 449 2408 summam?
479 2400 486 2407 .
511 2400 518 2406 .
542 2402 548 2407 .
574 2401 580 2407 .
607 2401 612 2407 .
642 2376 783 2419 agros?
817 2373 931 2420 vuly„
970 2383 1183 2417 summam;
1214 2401 1347 2407 .....
1377 2382 1509 2418 agros;

2 2434 17 2495 ι’
79 2422 227 2467 Μαεῑῑ.,
253 2434 287 2458 v.
309 2422 426 2470 Seyff.
449 2422 558 2459 Lael.
574 2434 616 2468 p.
638 2424 725 2459 524.
854 2426 902 2458 24
931 2423 1053 2459 contr.
1081 2422 1183 2458 hanc
1212 2421 1305 2457 dum
1333 2421 1434 2468 vuly.
1464 2422 1511 2457 ex

3 2479 24 2518 ,-j
76 2473 172 2517 Ma,
207 2473 329 2509 contr.
358 2472 590 2517 dudum-D,
624 2483 743 2519 quam
779 2484 810 2509 0.
839 2473 988 2508 dudum
1018 2484 1059 2519 p,
1094 2483 1211 2518 quam
1249 2484 1280 2508 0.
1309 2471 1403 2507 dum
1437 2480 1509 2516 rs,
1563 2468 1566 2471 ’

4 2523 6 2534 ²
75 2523 198 2559 contr.
229 2521 365 2571 [hanc]
393 2522 486 2559 dum
515 2523 663 2570 Stanyl.
1459 2544 1462 2547 -

3 2572 9 2597 ι
