1630 2678
171 153 258 198 150
765 147 802 184 C.
824 146 958 183 PLINI

121 275 142 308 3
169 263 223 307 ad
244 261 502 305 desiderium
523 260 589 302 tui
609 258 834 303 accendor.
890 257 1025 311 Nam,
1052 258 1175 302 cuius
1194 257 1367 302 litterae
1385 259 1560 302 tantum

168 323 330 367 habent
350 321 593 375 suavitatis,
619 320 751 363 huius
779 319 1052 362 sermonibus
1081 321 1294 375 quantum
1314 319 1560 364 dulcedinis

169 385 299 428 inest!
342 383 409 426 Tu
440 386 588 425 tamen
614 395 745 438 quam
770 380 1126 437 frequentissime
1155 380 1310 438 scribe,
1340 381 1445 425 licet
1474 381 1562 425 hoc

170 446 231 488 ita
263 459 330 488 me
362 444 565 498 delectet,
595 445 645 485 ut
677 444 893 498 torqueat.
958 440 1079 484 Vale.

173 562 334 650 Zsusss
346 579 387 613 z·
401 577 563 613 arana
583 577 692 609 da(-
800 567 913 606 VIII.
1189 555 1193 558 ’
1585 584 1602 611 ⁵

535 654 796 690 C.PL1N1US
823 653 999 689 PRISCO
1027 654 1122 688 SUO
1150 654 1189 688 s.

121 748 139 780 1
253 734 440 778 Atilium
475 734 750 778 Crescentem
790 737 833 778 et
865 735 983 778 nosti
1022 737 1066 778 et
1103 750 1234 779 amas.
1298 733 1407 787 Quis
1444 735 1563 779 enim

168 797 292 839 illum
326 795 562 851 spectatior
602 796 734 852 paulo
773 798 849 839 aut
885 811 977 839 11011
1014 795 1140 839 novit
1177 799 1256 840 aut
1290 811 1384 840 non
1413 795 1562 840 amat?

119 869 140 901 2
169 857 298 900 Hunc
330 871 411 914 ego
443 871 535 900 non
566 861 617 900 ut
648 857 794 911 multi,
827 857 903 900 sed
935 857 1154 901 artissime
1185 857 1337 916 diligo.
1387 855 1564 914 Oppida

167 921 317 961 nostra
336 918 466 961 unius
487 918 573 960 diei
593 918 749 961 itinere
769 918 1055 974 dirimuntur3
1086 918 1174 975 ipsi
1192 933 1340 962 amare
1359 918 1564 975 invicem,
1588 937 1625 966 ιο

168 979 244 1035 qui
276 981 342 1022 est
380 979 746 1037 flagrantissimus
785 994 925 1035 amor,
968 979 1286 1024 adulescentuli
1324 980 1562 1036 coepimus.
1597 1016 1604 1022 .

167 1039 331 1082 Mansit
372 1039 445 1083 hic
486 1043 640 1096 postea
679 1055 761 1083 nec
800 1040 973 1084 refrixit
1017 1040 1201 1097 iudicio,
1245 1041 1322 1085 sed
1362 1041 1560 1085 invaluit.

169 1099 342 1154 Sciunt,
381 1100 456 1157 qui
495 1101 754 1144 alterutrum
796 1104 995 1145 nostrum
1029 1102 1290 1146 familiarius
1321 1102 1562 1146 intuentur.

166 1160 283 1204 Nam
326 1164 368 1203 et
408 1162 483 1204 ille
524 1162 763 1205 amicitiam
802 1178 943 1205 meam
980 1163 1199 1207 latissima
1235 1162 1563 1220 praedicatione

167 1222 436 1278 circumfert,
482 1226 525 1265 et
566 1237 647 1281 ego
694 1238 798 1280 prae
843 1239 912 1267 me
956 1224 1070 1280 fero,
1115 1228 1304 1281 quantae
1349 1225 1409 1269 sit
1451 1223 1563 1268 mihi
1588 1242 1624 1271 15

120 1294 140 1326 3
167 1298 295 1326 curae
321 1283 550 1337 modestia,
583 1284 722 1340 quies,
756 1285 965 1329 securitas
992 1286 1096 1330 eius.
1139 1285 1256 1338 Quin
1282 1286 1427 1342 etiam,
1460 1300 1562 1329 cum

168 1344 445 1387 insolentiam
486 1345 711 1388 cuiusdam
753 1346 1026 1390 tribunatum
1066 1347 1208 1403 plebis
1249 1347 1403 1391 inituri
1443 1361 1562 1390 vere-

167 1407 288 1447 retur
332 1404 462 1461 idque
507 1406 742 1450 indicasset
786 1407 914 1464 mihi,
963 1407 1189 1465 respondi:
1241 1408 1392 1460 οὔτις
1436 1407 1561 1463 ἐμεῦ

170 1467 371 1517 ζῶντος.
437 1465 631 1517 Quorsus
669 1467 807 1511 haec?
843 1472 895 1512 ut
932 1469 1044 1513 scias
1082 1484 1174 1513 non
1210 1483 1340 1526 posse
1372 1467 1562 1513 Atilium

122 1537 144 1569 4
171 1541 239 1568 me
271 1526 481 1569 incolumi
511 1528 716 1571 iniuriam
748 1530 954 1586 accipere.
1019 1528 1186 1574 Iterum
1218 1530 1355 1575 dices:
1401 1529 1562 1582 ‘Quor-
1586 1549 1624 1577 20

171 1600 244 1628 sus
264 1587 423 1630 haec?'
473 1587 636 1631 Debuit
661 1590 698 1632 ei
725 1591 956 1646 pecuniam
978 1590 1181 1636 Valerius
1202 1590 1357 1636 Varus.
1415 1590 1561 1635 Huius

172 1649 238 1690 est
280 1647 404 1690 heres
448 1648 664 1692 Maximus
706 1654 875 1707 noster,
919 1667 1050 1708 quem
1095 1656 1139 1696 et
1182 1653 1277 1710 ipse
1321 1667 1442 1709 amo,
1485 1652 1562 1697 sed

123 1719 144 1750 5
172 1707 445 1751 coniunctius
488 1712 549 1752 tu.
636 1710 764 1769 Rogo
809 1728 933 1771 ergo,
986 1714 1116 1771 exigo
1161 1714 1295 1758 etiam
1339 1728 1421 1771 pro
1466 1714 1562 1757 iure

172 1768 387 1811 amicitiae
420 1784 559 1826 cures,
593 1774 641 1814 ut
661 1771 799 1816 Atilio
826 1789 923 1817 meo
950 1775 1071 1818 salva
1096 1774 1154 1819 sit
1178 1790 1267 1819 non
1295 1789 1390 1818 sors
1415 1774 1561 1831 mod0,

171 1843 322 1871 verum
349 1829 478 1872 etiam
504 1846 635 1875 usura
660 1834 852 1889 plurium
879 1851 1105 1880 annorum.
1162 1835 1311 1880 Homo
1337 1838 1404 1880 est
1429 1835 1563 1880 alieni
1586 1854 1624 1882 ’ὅ

171 1889 586 1947 abstinentissimus,
630 1894 698 1936 sui
730 1895 936 1952 diligens,
976 1897 1110 1940 nullis
1144 1897 1399 1954 quaestibus
1432 1897 1562 1941 susti-

124 1961 145 1994 6
170 1952 318 2005 netur,
361 1952 506 1994 nullus
551 1953 615 1995 illi
660 1955 744 1998 nisi
789 1972 842 1999 ex
885 1957 1141 2015 frugalitate
1184 1959 1363 2002 reditus.
1443 1957 1562 2003 Nam

172 2011 334 2066 studia,
367 2012 522 2067 quibus
556 2015 792 2069 plurimum
827 2021 1037 2074 praestat,
1075 2020 1129 2063 ad
1161 2020 1437 2076 voluptatem
1466 2021 1562 2063 tan—

170 2073 266 2114 tum
311 2074 355 2114 et
398 2073 581 2129 gloriam
627 2080 807 2120 exercet.
872 2078 1024 2123 Gravis
1070 2083 1136 2124 est
1180 2081 1221 2124 ei
1264 2081 1336 2124 vel
1378 2079 1562 2123 minima

171 2132 355 2188 iactura,
411 2134 513 2188 quia
555 2150 773 2194 reparare,
826 2140 943 2195 quod
988 2141 1203 2198 amiserit,
1259 2141 1436 2200 gravius
1482 2143 1559 2184 est.
1586 2160 1624 2188 ω

125 2203 145 2235 '1
171 2191 329 2236 Exime
369 2193 487 2237 hunc
528 2195 611 2251 illi,
654 2197 792 2243 exime
836 2200 953 2244 hunc
995 2202 1104 2246 mihi
1147 2203 1422 2259 scrupulum:
1467 2202 1561 2246 sine

269 2315 289 2347 9
311 2313 578 2351 ardentissime
600 2316 757 2353 Cor-tius.
836 2323 878 2355 18
907 2322 1017 2358 Hom.
1038 2323 1076 2358 A
1095 2326 1154 2360 88.
1237 2325 1284 2358 30
1305 2323 1396 2369 quia
1415 2323 1560 2370 Dpra,

170 2372 287 2406 quam
323 2362 388 2406 M,
426 2363 608 2408 quoniam
643 2366 880 2413 Leithciuse-r,
917 2370 1011 2407 delet
1047 2373 1267 2408 Mommsen.
1303 2393 1350 2398 —
1389 2371 1563 2408 amiserit

169 2411 217 2495 g
218 2422 306 2506 1282}
322 2410 493 2446 amiseris
515 2413 565 2447 M
572 2426 606 2448 (ι.
629 2435 674 2439 ——
698 2426 771 2459 quo
792 2428 982 2463 reparare,
1009 2420 1112 2464 quod
1132 2420 1306 2457 amiserit
1325 2421 1376 2457 K.
1397 2421 1494 2467 disp.
1514 2421 1567 2457 ΙΙ
