1716 2742
535 132 900 170 EPISTULARUM
927 136 998 169 9—
1005 137 1062 169 14.
1416 135 1506 180 271

78 249 218 308 sippi,
250 246 532 294 Stratonicae
564 247 787 307 Epigoni,
819 248 927 292 item
958 248 1112 293 liberis
1146 248 1344 292 eiusdem
1372 247 1511 306 Chry-

78 311 220 370 sippi,
261 310 475 370 Epigono
521 314 566 355 et
609 310 884 367 Mithridati,
929 311 994 354 ita
1037 313 1089 354 ut
1134 311 1226 355 sint
1270 310 1319 354 in
1369 312 1510 369 patris

77 375 321 432 potestate,
345 376 486 431 utque
512 374 568 418 iis
594 373 643 417 in
666 373 854 418 libertos
882 374 1117 417 servetur
1105 389 1175 418 ius
1201 376 1510 430 patronorum.

77 435 192 481 Item
243 451 357 496 rogo
409 436 645 495 indulgeas
696 436 766 481 ius
814 434 1058 488 Quiritium
1101 436 1150 480 L.
1197 435 1347 481 Satrio
1394 435 1512 481 Aba-

26 513 46 542 5
79 501 236 544 scanto
269 502 315 544 et
345 498 396 543 P.
430 498 586 544 Caesio
620 498 888 556 Phosphoro
930 501 974 542 et
1006 497 1259 543 Anchariae
1294 498 1511 556 Soteridi3

78 561 201 620 quod
232 578 260 606 a
290 565 336 606 te
368 561 626 606 volentibus
658 561 861 619 patronis
896 564 1014 619 peto.

661 678 755 718 ΧΠ.
791 676 924 730 [vn]

352 767 396 802 C.
416 767 624 802 PLINIUS
651 767 876 802 TRAIANO
905 768 1238 803 IMPERATORI.

0 905 4 911 ,
173 848 299 908 Scio,
339 850 538 908 domine,
577 851 818 895 memoriae
860 853 985 908 tuae,
1029 866 1143 908 quae
1185 854 1253 895 est
1294 852 1408 896 bene
1449 852 1513 895 fa·
1542 861 1560 893 1

16 926 54 954 10
79 912 226 957 ciendi
256 912 561 970 tenacissima,
594 928 748 970 preces
780 916 958 958 nostras
994 914 1235 958 inhaerere.
1302 913 1418 967 Quia
1449 917 1513 958 ta-

78 991 184 1020 men
213 975 264 1020 in
294 975 383 1020 hoc
417 990 598 1033 quoque
630 975 879 1034 indulsisti,
911 975 1130 1021 admoneo
1173 977 1311 1021 simul
1349 980 1395 1021 et
1432 976 1513 1022 im-

76 1053 216 1096 pense
234 1053 361 1098 rogo,
380 1041 434 1082 ut
445 1037 635 1083 Accium
654 1037 815 1082 Suram
834 1042 1046 1096 praetura
1066 1055 1282 1084 exornare
1303 1040 1513 1099 digneris,

77 1115 182 1145 cum
205 1101 334 1146 locus
361 1103 501 1146 vacet.
566 1099 638 1145 Ad
666 1117 802 1159 quam
828 1116 956 1159 spem
983 1102 1154 1159 alioqui
1181 1102 1513 1160 quietissimum
1541 1112 1562 1144 2

76 1164 286 1208 hortatur
317 1166 363 1208 et
393 1163 613 1208 natalium
647 1165 862 1222 splendor
900 1167 945 1209 et
978 1179 1154 1209 summa
1192 1165 1426 1224 integritas
1467 1167 1514 1209 in

15 1238 52 1267 ιε
77 1228 343 1285 paupertate
388 1229 433 1271 et
478 1229 582 1270 ante
628 1227 780 1271 omnia
831 1227 1024 1272 felicitas
1076 1231 1354 1286 temporum,
1400 1243 1514 1287 quae

76 1289 242 1334 bonam
288 1290 610 1334 conscientiam
652 1290 820 1334 civium
862 1293 1044 1334 tuorum
1091 1291 1145 1334 ad
1192 1306 1324 1335 usum
1369 1291 1515 1335 indul—

78 1352 256 1411 gentiae
289 1354 393 1396 tuae
425 1355 644 1410 provocat
677 1355 721 1396 et
754 1354 934 1397 attollit.

636 1481 753 1522 xm.
793 1481 946 1534 [vin]

353 1569 396 1604 C.
417 1571 625 1606 PLINIUS
653 1571 878 1605 TRAIANO
906 1571 1240 1606 IMPERATORI.

15 1666 53 1694 πο
174 1651 286 1696 Cum
331 1653 491 1710 sciam,
539 1653 740 1710 domine,
793 1654 849 1698 ad
892 1653 1203 1698 testimonium
1244 1654 1515 1712 laudemque

79 1729 256 1759 morum
299 1731 503 1760 meorum
546 1717 770 1774 pertinere
807 1720 900 1760 tam
943 1716 1053 1760 boni
1089 1716 1309 1775 principis
1345 1716 1514 1762 iudicio

79 1777 304 1836 exornari,
341 1793 455 1837 rogo
496 1778 726 1838 dignitati,
766 1779 822 1823 ad
857 1793 992 1836 quam
1025 1794 1097 1823 me
1129 1779 1339 1838 provexit
1370 1780 1516 1824 indul-

79 1840 232 1898 gentia
275 1843 374 1897 tua,
421 1841 494 1885 vel
539 1845 811 1900 auguratum
856 1842 930 1886 vel
974 1842 1362 1900 septemviratum,
1410 1844 1516 1900 quia

78 1906 261 1960 vacant,
287 1903 459 1947 adicere
487 1903 706 1963 digneris,
739 1907 791 1948 ut
817 1904 913 1948 iure
940 1904 1181 1949 sacerdotii
1206 1906 1382 1963 precari
1407 1906 1514 1950 deos

1 1979 52 2018 με
79 1981 162 2023 pro
182 1968 228 2010 te
249 1966 428 2023 publice
448 1967 642 2024 possim,
675 1982 789 2024 quos
809 1982 930 2011 nunc
956 1982 1118 2025 precor
1137 1968 1305 2026 pietate
1326 1968 1514 2026 privata.

664 2083 775 2123 Ἦν.
813 2081 922 2136 [ix]

352 2171 394 2205 C.
418 2172 625 2206 PLINIUS
654 2172 878 2208 TRAIANO
906 2173 1239 2208 IMPERATORI.

172 2252 402 2298 Victoriae
444 2257 568 2311 tuae,
610 2255 779 2312 optime
825 2256 1090 2314 imperator,
1134 2258 1375 2314 maximae,
1417 2257 1515 2314 pul-

0 2326 8 2351 ¹
80 2314 348 2373 cherrimae,
380 2317 719 2374 antiquissimae
746 2320 791 2362 et
820 2321 899 2362 tuo
930 2319 1113 2363 nomine
1143 2322 1189 2363 et
1215 2319 1281 2363 rei
1307 2320 1514 2377 publicae

7 2390 55 2420 -εο
80 2379 285 2437 gratulor
317 2379 514 2436 deosque
547 2380 809 2425 inmortales
842 2397 1024 2439 precor,
1063 2385 1115 2426 ut
1149 2397 1304 2426 omnes
1346 2382 1515 2441 cogita-

180 2519 202 2551 5
229 2515 452 2552 Anchariae
475 2517 651 2554 Momms.
675 2517 769 2562 ind„
791 2516 1037 2554 Panchariae
1056 2518 1158 2566 vuly.
1264 2522 1311 2555 24
1338 2520 1455 2556 vacat
1475 2531 1512 2556 a.
