1716 2742
172 140 264 185 374
787 136 825 174 G.
847 135 984 173 PLINI

171 256 291 312 cent3
330 252 464 298 modo
492 251 770 312 gratulantes
805 251 938 295 amici
978 253 1270 296 recesserant:
1303 252 1595 296 revertantur.

120 328 142 361 9
168 315 435 361 Hominisne
468 315 589 360 istud
614 315 846 373 ingenium
875 317 962 371 est,
993 314 1190 359 hominis
1218 316 1436 372 potestas,
1468 329 1597 358 reno-

169 395 271 424 vare
305 379 487 438 gaudia,
520 378 824 437 redintegrare
856 377 1075 421 laetitiam
1108 377 1370 434 nullamque
1395 375 1595 434 requiem

169 441 547 501 gratulationibus
582 441 684 485 dare
717 455 862 498 neque
896 440 983 484 alia
1007 439 1260 498 repetendis
1288 439 1596 484 consulatibus

95 516 141 550 10
168 505 406 549 intervalla
438 504 716 563 permittere,
763 504 851 547 nisi
885 503 992 547 dum
1024 502 1275 547 finiuntur?
1319 501 1476 547 Facias
1509 502 1597 548 ista
1628 515 1645 543 5

168 583 360 626 semper,
399 583 481 612 nec
520 582 735 624 umquam
774 567 822 610 in
859 566 947 610 hoc
986 581 1119 624 opere
1160 568 1238 610 aut
1277 565 1452 610 animus
1491 567 1595 610 tuus

167 633 244 675 aut
276 631 459 675 fortuna
490 631 700 689 lassetur,
734 629 809 675 des
845 644 979 686 quam
1006 629 1214 687 plurimis
1247 628 1405 690 tertios
1439 642 1597 673 consu-

165 694 297 750 latus,
319 696 374 752 et,
396 709 499 739 cum
520 692 726 753 plurimis
747 692 904 737 tertios
927 692 1186 737 consulatus
1208 691 1395 749 dederis,
1421 706 1598 749 semper

166 759 318 801 tamen
350 758 523 815 plures,
557 754 721 815 quibus
756 756 916 800 debeas
951 755 1075 814 dare,
1108 754 1345 813 supersint.

91 816 152 865 62
261 819 474 865 Omnium
503 820 684 878 quidem
711 819 1046 876 beneficiorum,
1080 833 1193 876 quae
1220 817 1496 862 merentibus
1516 816 1596 861 tri-
1623 831 1660 858 ιο

165 883 384 940 buuntur,
416 899 509 928 non
535 883 590 927 ad
617 883 740 940 ipsos
768 882 982 941 gaudium
1009 882 1153 926 maius
1183 896 1317 940 quam
1345 879 1400 924 ad
1428 880 1596 924 similes

165 947 404 1004 redundat,
449 946 688 1004 praecipue
730 948 882 990 tamen
923 961 978 989 ex
1019 944 1182 989 horum
1225 944 1463 989 consulatu
1504 958 1597 988 non

166 1010 221 1054 ad
263 1012 436 1068 partem
481 1009 678 1067 aliquam
726 1011 926 1066 senatus,
971 1008 1046 1053 sed
1095 1007 1149 1051 ad
1196 1009 1344 1052 totum
1391 1008 1595 1051 senatum

164 1075 291 1118 tanta
322 1072 494 1117 laetitia
525 1072 752 1131 pervenit,
785 1074 836 1116 ut
862 1071 1052 1116 eundem
1080 1071 1299 1116 honorem
1327 1084 1482 1115 omnes
1509 1069 1597 1114 sibi

115 1147 136 1179 2
166 1139 210 1181 et
237 1136 410 1181 dedisse
437 1138 482 1180 et
508 1135 732 1194 accepisse
759 1135 1007 1179 videantur.
1050 1133 1227 1192 Nempe
1254 1133 1372 1178 enim
1400 1132 1451 1177 hi
1477 1135 1595 1189 sunt,
1623 1144 1658 1172 1⁵

166 1215 278 1258 quos
307 1201 507 1257 senatus,
541 1214 643 1243 cum
676 1197 869 1256 publicis
905 1196 1159 1256 sumptibus
1193 1195 1447 1242 minuendis
1482 1195 1596 1254 opti-

164 1278 287 1307 mum
329 1277 552 1320 quemque
591 1262 870 1320 praeficeret,
910 1261 1066 1319 elegit,
1105 1263 1149 1304 et
1189 1260 1369 1318 quidem
1412 1259 1595 1318 primos.

163 1324 265 1371 Hoc
299 1328 366 1370 est
398 1325 555 1385 igitur,
589 1325 677 1369 hoc
704 1327 788 1378 est,
824 1324 945 1382 quod
970 1323 1149 1381 penitus
1176 1323 1280 1367 illos
1307 1322 1459 1367 animo
1487 1320 1596 1366 Cae-

115 1402 136 1436 3
165 1389 274 1434 saris
307 1388 566 1433 insinuavit.
631 1387 705 1432 An
737 1403 898 1446 parum
932 1401 1063 1445 saepe
1097 1386 1270 1444 experti
1298 1400 1452 1430 sumus
1477 1385 1596 1430 hanc

164 1467 260 1497 esse
292 1467 441 1496 rerum
477 1451 807 1508 condicionem,
839 1453 891 1494 ut
923 1452 1103 1495 senatus
1130 1449 1259 1494 favor
1285 1449 1405 1507 apud
1431 1449 1595 1507 princi·
1622 1469 1659 1497 20

163 1531 266 1574 pem
306 1517 384 1559 aut
422 1515 568 1572 prosit
607 1516 685 1559 aut
723 1513 913 1558 noceat?
977 1512 1141 1558 Nonne
1174 1513 1310 1571 paulo
1345 1514 1448 1556 ante
1480 1511 1596 1556 nihil
1665 1516 1669 1521 '

163 1578 307 1637 magis
335 1578 516 1623 exitiale
544 1580 639 1622 erat
666 1592 800 1635 quam
828 1576 908 1621 illa
933 1575 1152 1634 principis
1182 1575 1418 1635 cogitatio:
1452 1574 1596 1620 ‘hunc

164 1644 343 1686 senatus
377 1641 558 1699 probat,
591 1640 666 1685 hic
700 1641 877 1685 senatui
910 1654 1038 1684 carus
1073 1638 1195 1683 est'?
1261 1637 1446 1696 Oderat,
1481 1652 1594 1696 quos

112 1717 136 1750 4
162 1719 245 1748 nos
273 1719 540 1762 amaremus,
575 1703 651 1749 sed
679 1706 723 1747 et
748 1718 852 1760 nos,
886 1717 997 1760 quos
1025 1702 1112 1746 ille.
1170 1700 1307 1746 Nunc
1332 1701 1450 1746 inter
1473 1701 1595 1759 prin·

163 1768 308 1826 cipem
336 1770 630 1824 senatumque
661 1766 915 1826 dignissimi
936 1765 1152 1823 cuiusque
1180 1765 1366 1810 caritate
1387 1766 1594 1809 certatur.
1621 1782 1658 1811 25

164 1830 535 1875 Demonstramus
582 1830 792 1887 invicem,
852 1829 1074 1874 credimus
1120 1828 1334 1886 invicem,
1386 1827 1595 1886 quodque

164 1894 409 1938 maximum
443 1893 607 1938 amoris
642 1892 788 1937 mutui
827 1892 1008 1951 signum
1042 1893 1126 1949 est,
1167 1891 1345 1936 eosdem
1379 1905 1594 1935 amamus.

115 1970 136 2003 5
163 1956 376 2015 Proinde,
410 1959 560 2014 patres
596 1955 857 2013 conscripti,
890 1955 1036 1999 favete
1071 1956 1242 2012 aperte,
1282 1954 1458 2013 diligite
1491 1969 1595 1999 con-

163 2022 344 2065 stanter.
408 2018 515 2065 Non
547 2019 637 2063 iam
671 2018 1019 2063 dissimulandus
1055 2020 1123 2062 est
1155 2032 1299 2074 amor,
1331 2033 1388 2062 ne
1420 2019 1594 2073 noceat,

162 2098 255 2128 non
288 2082 583 2141 premendum
617 2082 790 2140 odium,
823 2097 879 2126 ne
912 2080 1074 2139 prosit:
1109 2080 1262 2124 eadem
1291 2078 1452 2125 Caesar
1479 2095 1592 2139 quae
1617 2097 1657 2125 so

164 2149 342 2191 senatus
377 2145 540 2204 probat
571 2144 899 2203 improbatque.
965 2143 1059 2189 Vos
1093 2143 1170 2188 ffle
1203 2145 1477 2202 praesentes,
1510 2158 1591 2188 vos

164 2209 297 2254 etiam
326 2209 530 2253 absentes
559 2209 606 2252 in
633 2208 823 2253 consilio
850 2208 998 2257 habet.
1058 2206 1210 2251 Tertio
1239 2207 1445 2251 consules
1472 2205 1592 2263 fecit,

165 2287 276 2330 quos
317 2287 397 2317 vos
432 2271 685 2331 elegeratis,
726 2273 771 2316 et
803 2271 912 2316 fecit
943 2271 1030 2315 hoc
1065 2269 1239 2327 ordine,
1280 2284 1369 2328 quo
1403 2268 1534 2314 electi
1567 2284 1593 2312 a

264 2438 284 2470 3
313 2445 388 2481 que
415 2445 484 2471 om.
508 2433 640 2471 B'M'
657 2434 711 2471 W
732 2437 767 2470 et
793 2433 902 2470 Keili
928 2432 1014 2478 Ad,
1043 2433 1096 2469 K.
1109 2433 1143 2469 Ι.
1280 2435 1324 2468 21
1355 2431 1425 2468 aut
1452 2430 1591 2480 (non)

163 2486 235 2530 (an
259 2495 399 2531 parum
426 2483 463 2530 .9)
497 2484 623 2531 prosit
657 2485 726 2520 aut
759 2484 911 2529 Muell„
943 2483 1042 2519 haut
1076 2482 1218 2529 prosit,
1257 2483 1298 2518 at
1330 2481 1488 2527 Baehr„
1520 2481 1590 2519 del.

165 2535 301 2572 Novak
328 2534 476 2581 Zfdo'G.
500 2535 633 2571 XLII
651 2546 692 2581 p.
714 2537 825 2580 1068,
850 2534 915 2571 sed
942 2534 1025 2571 vide
1052 2533 1200 2571 Burkh.
1218 2544 1257 2579 p.
1281 2534 1364 2568 166.
