1716 2742
502 118 861 167 PANEGYRICUS
890 134 949 175 24,
965 141 1044 167 3-
1059 134 1118 176 26,
1134 140 1160 167 ⁶.
1455 131 1544 176 341

115 245 372 291 valetudine
405 245 536 303 alius,
569 245 643 290 hic
676 246 807 303 mari,
840 245 916 290 ille
935 245 1204 290 fluminibus
1233 245 1547 289 distinebatur:

117 310 375 368 expectatus
419 311 505 366 est,
546 309 885 367 provisumque,
927 324 983 352 ne
1027 309 1127 366 quis
1171 323 1321 367 aeger,
1358 324 1415 352 ne
1450 309 1548 365 quis

117 373 382 430 occupatus,
413 387 471 415 ne
505 372 604 428 quis
639 372 830 429 denique
839 372 992 442 ’longe
1018 371 1199 429 fuisset,
1229 371 1403 415 veniret
1430 371 1549 429 quis-

117 449 218 493 que,
249 449 352 479 cum
385 434 540 491 vellet,
573 434 745 478 veniret
772 434 980 492 quisque,
1015 449 1117 478 cum
1149 436 1313 492 posset.
1378 433 1550 493 Magni·
1577 444 1600 478 5

69 509 86 538 5
117 498 274 554 ficum,
307 495 487 554 Caesar,
514 499 558 540 et
583 499 712 540 tuum
734 494 1107 542 disiunctissimas
1128 499 1269 541 terras
1290 497 1551 542 munificen-

116 560 206 605 tiae
247 559 429 620 ingenio
472 560 598 603 velut
636 559 872 604 admovere
912 561 1217 617 immensaque
1259 560 1406 618 spatia
1442 559 1552 604 libe-

117 623 296 668 rah'tate
329 622 612 679 contrahere,
654 622 927 667 intercedere
961 623 1156 680 casibus,
1198 637 1432 667 occursare
1465 622 1553 667 for-

118 688 255 731 tunae
287 688 422 744 atque
456 685 579 730 omni
613 685 687 743 opi
722 685 883 743 adniti,
915 701 972 730 ne
1007 686 1106 743 quis
1142 701 1164 729 e
1190 686 1321 744 plebe
1348 685 1554 731 Romana

119 748 254 794 dante
286 749 566 808 congiarium
599 750 644 792 te
677 748 904 792 hominem
940 764 986 792 se
1019 749 1163 807 magis
1198 749 1384 793 sentiret
1415 749 1554 793 fuisse

59 823 96 852 1⁰
122 826 258 871 quam
290 812 447 856 civem.

213 873 498 920 Adventante
532 874 750 933 congiarii
784 874 854 918 die
889 874 1124 918 observare
1157 874 1375 932 principis
1409 889 1555 934 egres-
1570 870 1630 920 26

121 953 221 983 sum
253 937 302 982 in
334 937 587 996 publicum,
619 937 811 981 insidere
844 936 939 980 vias
974 937 1179 981 examina
1212 937 1454 981 infantium
1488 937 1554 981 fu-

119 1003 338 1059 turusque
364 1001 560 1059 populus
588 1000 773 1045 solebat.
826 999 974 1044 Labor
1000 1000 1260 1057 parentibus
1289 1003 1384 1044 erat
1411 1003 1557 1045 osten-

120 1066 216 1108 tare
255 1064 467 1121 parvulos
506 1062 834 1121 impositosque
873 1062 1120 1107 cervicibus
1161 1063 1391 1107 adulantia
1422 1063 1560 1107 verba

59 1138 95 1166 15
121 1126 398 1184 blandasque
431 1140 564 1170 voces
598 1125 801 1170 edocere:
844 1125 1089 1170 reddebant
1121 1125 1207 1182 illi,
1255 1141 1368 1184 quae
1407 1141 1559 1170 mone·
1586 1137 1607 1170 2

121 1190 308 1247 bantur,
360 1203 412 1234 ac
453 1189 657 1247 plerique
699 1188 838 1233 irritis
883 1188 1091 1246 precibus
1137 1188 1291 1233 surdas
1342 1188 1559 1247 principis

122 1266 252 1297 aures
279 1252 601 1310 obstrepebant
626 1252 882 1310 ignarique,
918 1251 1025 1309 quid
1052 1254 1307 1310 rogassent,
1334 1251 1441 1309 quid
1467 1266 1561 1296 non

122 1315 458 1374 impetrassent,
492 1314 633 1359 donec
653 1315 786 1372 plane
808 1315 991 1371 scirent,
1018 1314 1350 1359 differebantur.
1407 1313 1477 1359 Tu
1503 1330 1560 1358 ne
1588 1325 1610 1358 3

122 1378 275 1438 rogari
318 1377 499 1436 quidem
544 1377 799 1422 sustinuisti
842 1379 904 1433 et,
951 1393 1223 1435 quamquam
1265 1377 1562 1422 laetissimum

63 1456 100 1484 πο
127 1440 270 1487 oculis
313 1441 403 1485 tuis
448 1443 564 1485 esset
609 1442 854 1498 conspectu
887 1439 1117 1484 Romanae
1160 1439 1328 1484 sobolis
1371 1439 1564 1498 impleri,

126 1519 282 1549 omnes
314 1506 485 1559 tamen,
518 1506 622 1548 ante
657 1518 791 1561 quam
825 1505 868 1546 te
901 1503 1105 1547 viderent
1137 1503 1379 1560 adirentve,
1409 1502 1564 1561 recipi,

125 1566 266 1612 incidi
297 1566 488 1624 iussisti,
520 1568 572 1610 ut
603 1566 692 1610 iam
719 1565 822 1609 inde
856 1566 910 1609 ab
943 1564 1136 1609 infantia
1161 1568 1392 1623 parentem
1418 1565 1563 1624 publi-

127 1626 231 1675 c'um
250 1645 435 1674 munere
457 1629 734 1674 educationis
756 1628 1083 1686 experirentur,
1117 1631 1367 1673 crescerent
1393 1628 1447 1673 de
1470 1631 1563 1686 tuo,

129 1693 208 1751 qui
241 1695 491 1738 crescerent
522 1692 624 1749 tibi,
666 1692 980 1749 alimentisque
1014 1692 1103 1735 tuis
1141 1691 1197 1735 ad
1231 1691 1454 1749 stipendia
1486 1694 1565 1736 tua

66 1769 102 1798 25
128 1756 431 1815 pervenirent,
471 1757 738 1812 tantumque
783 1769 936 1798 omnes
976 1754 1056 1798 uni
1094 1754 1197 1811 tibi,
1238 1757 1456 1812 quantum
1489 1770 1565 1812 pa-

127 1818 331 1864 rentibus
353 1819 445 1863 suis
468 1818 657 1876 quisque
679 1818 869 1862 deberet.
910 1816 1066 1872 Recte,
1089 1815 1267 1874 Caesar,
1297 1817 1417 1875 quod
1439 1832 1564 1876 spem
1592 1828 1615 1860 4

129 1881 325 1926 Romani
355 1881 552 1926 nominis
587 1880 841 1938 sumptibus
880 1879 971 1924 tuis
1006 1879 1207 1937 suscipis.
1273 1879 1464 1924 Nullum
1498 1882 1568 1924 est

130 1944 251 1990 enim
285 1959 451 2003 magno
485 1943 687 2002 principe
728 1943 1188 2000 inmortalitatemque
1229 1943 1444 1988 merituro
1484 1943 1566 1987 im-

130 2006 284 2066 pendii
317 2021 457 2066 genus
492 2006 690 2065 dignius,
725 2021 860 2063 quam
889 2005 1009 2063 quod
1037 2008 1249 2065 erogatur
1274 2007 1322 2049 in
1347 2008 1564 2064 posteros.

69 2085 107 2113 ao
132 2069 402 2128 Locupletes
448 2069 504 2113 ad
550 2069 774 2114 tollendos
826 2068 991 2113 liberos
1038 2069 1240 2127 ingentia
1283 2068 1482 2125 praemia
1524 2071 1569 2113 et
1595 2078 1617 2112 5

133 2147 262 2192 pares
306 2148 476 2191 poenae
522 2132 838 2189 adhortantur,
892 2131 1166 2189 pauperibus
1216 2131 1434 2176 educandi
1479 2147 1569 2175 una

132 2196 249 2241 ratio
291 2198 358 2240 est
397 2196 542 2239 bonus
582 2194 801 2253 princeps.
867 2193 956 2239 Hic
994 2194 1161 2239 fiducia
1201 2195 1271 2238 sui
1310 2196 1567 2252 procreatos
1596 2205 1618 2238 6

134 2258 223 2304 nisi
249 2259 376 2317 larga
396 2273 532 2302 manu
558 2257 700 2315 fovet,
734 2259 888 2316 auget,
921 2257 1228 2315 amplectitur,
1255 2272 1463 2302 occasum
1490 2258 1570 2302 im-

134 2321 267 2381 perii,
312 2335 519 2366 occasum
562 2320 628 2365 rei
670 2320 876 2378 publicae
920 2321 1139 2365 accelerat
1179 2320 1436 2378 frustraque
1468 2335 1571 2378 pro-

238 2425 260 2457 2
289 2433 338 2458 110
366 2419 454 2467 quis
483 2420 718 2466 occupatus,
746 2430 795 2456 ne
823 2419 911 2466 quis
939 2429 1058 2466 aeger
1083 2418 1264 2457 Schnelle.
1384 2423 1430 2456 16
1458 2419 1572 2466 atqui

138 2471 296 2518 Baehr„
323 2471 366 2508 at
393 2470 549 2508 Gesner.
661 2473 706 2506 17
736 2471 963 2517 erogassent
994 2469 1034 2507 G.
1057 2469 1229 2507 Schenkl.
1343 2472 1389 2507 31
1418 2468 1571 2506 abhort.

146 2522 206 2568 W,
234 2522 356 2558 coart.
379 2522 430 2567 B,
458 2519 606 2557 cohort.
628 2519 698 2566 B',
725 2520 868 2557 Baehr.
