1630 2678
0 101 27 172 ζ’·
486 146 843 184 EPISTULARUM
868 146 903 183 V
929 150 963 193 5,
992 151 1026 184 6.
1369 150 1455 194 123

54 263 283 319 tamquam
315 259 432 305 idem
465 258 550 303 sibi
579 259 756 303 futurus
795 261 910 303 esset
951 259 1170 303 scribendi
1214 260 1334 316 finis,
1377 260 1454 316 qui

8 359 12 367 .
54 321 213 368 fuisset
241 321 311 367 ini
341 321 536 380 legendi:
568 323 614 365 et
643 321 731 364 fuit
761 319 890 364 idem.
955 319 1084 373 Quod
1116 335 1187 364 me
1225 321 1455 365 recordan·
1483 331 1503 364 7

53 385 146 428 tem
177 382 404 428 miseratio
437 382 568 439 subit,
601 385 816 439 quantum
848 381 1116 440 vigiliarum,
1148 385 1362 438 quantum
1393 383 1455 426 la-

53 443 175 490 boris
207 443 460 489 exhauserit
490 443 666 487 frustra.
730 442 975 488 Occursant
1013 443 1160 487 animo
1202 458 1300 487 mea
1341 459 1456 488 mor-

9 517 32 549 t
53 505 225 563 tudites,
273 520 370 550 mea
401 505 575 562 scripta.
647 503 743 548 Nec
793 504 947 548 dubito
986 507 1030 548 te
1079 519 1255 562 quoque
1303 504 1455 549 eadem

10 573 14 579 '
53 565 324 626 cogitatione
354 566 510 610 terreri
540 581 622 623 pro
654 565 765 622 istis,
810 580 922 622 quae
954 566 1069 610 inter
1109 581 1266 609 manus
1307 566 1454 610 habes.

52 626 264 683 Proinde,
295 627 400 672 dum
433 627 631 685 suppetit
670 627 775 683 vita,
806 627 1038 682 enitamur,
1078 630 1130 670 ut
1161 641 1279 671 mors
1322 642 1455 684 quam
1482 636 1504 670 8

53 689 333 747 paucissima,
365 703 478 746 quae
508 689 683 733 abolere
714 689 870 746 possit,
902 688 1110 733 inveniat.
1175 688 1298 732 Vale.

718 802 790 842 VI.
882 784 1039 842 72⁵«.-
1067 783 1159 842 {vlla

0 898 32 927 ιο
240 889 283 924 C.
297 889 499 938 PLINIUS
524 889 740 924 DOMITIO
767 889 1074 923 APOLLINARI
1102 889 1196 924 SUO
1225 889 1262 923 S.

140 967 301 1014 Amavi
339 984 488 1014 curam
527 971 572 1014 et
609 969 952 1013 sollicitudinem
998 972 1140 1026 tuam,
1181 970 1318 1026 quod,
1356 984 1457 1014 cum
1486 979 1504 1012 1

56 1030 252 1076 audisses
277 1046 348 1075 me
367 1033 532 1075 aestate
552 1030 719 1074 Tuscos
745 1045 866 1074 meos
886 1031 1150 1088 petiturum,
1174 1046 1229 1074 ne
1256 1031 1457 1087 facerem,

55 1092 252 1148 suasisti,
299 1091 403 1136 dum
447 1095 577 1149 putas
622 1092 882 1136 insalubres.
950 1092 1033 1136 Est
1075 1107 1178 1136 sane
1223 1092 1368 1150 gravis
1415 1095 1459 1135 et
1483 1101 1505 1134 2

190 1167 268 1198 ens
300 1167 379 1198 ora
403 1151 662 1209 Tuscorum,
694 1167 805 1209 quae
837 1168 917 1210 per
940 1153 1047 1198 litus
1080 1154 1349 1210 extenditur;
1382 1153 1458 1197 sed

0 1221 32 1263 ὴ
54 1213 104 1259 hi
140 1213 299 1272 procul
329 1229 356 1258 a
386 1214 498 1258 mari
528 1217 821 1271 recesserunt,
862 1215 971 1272 quin
1009 1214 1140 1258 etiam
1178 1214 1457 1272 Appennino,

7 1312 9 1314 .
57 1274 347 1320 saluberrimo
379 1275 610 1332 montium,
649 1275 886 1320 subiacent.
950 1275 1099 1332 Atque
1137 1275 1245 1319 adeo
1278 1279 1328 1319 ut
1367 1291 1458 1319 om·
1484 1285 1506 1318 3

55 1351 158 1381 nem
198 1351 280 1406 pro
319 1351 390 1380 me
432 1339 599 1381 metum
651 1351 803 1394 ponas,
851 1336 1000 1394 accipe
1042 1337 1298 1394 temperiem
1335 1336 1459 1393 caeli,

0 1435 21 1459 ‚¹
55 1397 251 1457 regionis
283 1397 432 1455 situm,
462 1398 594 1442 villae
620 1398 949 1442 amoenitatem.
983 1413 1093 1455 quae
1121 1400 1163 1441 et
1195 1397 1278 1441 tibi
1304 1397 1457 1441 auditu

56 1461 102 1504 et
132 1458 243 1502 mihi
273 1458 415 1503 relatu
447 1459 638 1503 iucunda
669 1462 809 1502 erunt.

0 1532 35 1564 Ι
144 1517 324 1564 Caelum
370 1522 436 1564 est
479 1520 624 1564 hieme
664 1519 875 1578 frigidum
920 1523 963 1563 et
1008 1519 1221 1578 gelidum3
1275 1522 1506 1576 myrtos,4

57 1579 192 1638 oleas,
210 1595 410 1638 quaeque
430 1581 518 1625 alia
537 1581 704 1625 aestivo
725 1583 922 1638 tempore
941 1581 1172 1634 laetantur,
1199 1582 1458 1638 aspernatur

57 1656 108 1686 ac
136 1642 323 1699 respuit3
353 1642 525 1686 laurum
552 1645 701 1686 tamen
730 1642 897 1698 patitur
926 1644 1057 1698 atque
1086 1642 1219 1686 etiam
1247 1641 1456 1686 nitidissi-

0 1738 4 1744 .
56 1717 175 1747 mam
200 1702 380 1762 profert,
406 1703 637 1758 interdum,
665 1702 739 1746 sed
765 1718 855 1746 non
882 1703 1055 1760 saepius
1082 1717 1214 1760 quam
1241 1703 1323 1747 sub
1349 1703 1457 1747 urbe

0 1763 2 1765 ’
57 1766 210 1808 nostra
258 1766 396 1808 necat.
461 1762 654 1807 Aestatis
702 1763 812 1806 mira
865 1763 1116 1808 clementia:
1167 1779 1340 1822 semper
1384 1768 1458 1808 aer
1484 1776 1506 1808 6

0 1837 34 1867 a
59 1823 219 1881 spiritu
249 1825 399 1881 aliquo
432 1827 645 1880 movetur,
678 1824 951 1881 frequentius
983 1827 1132 1869 tamen
1164 1840 1291 1869 auras
1325 1840 1457 1882 quam

59 1886 214 1930 ventos
244 1884 389 1930 habet.
445 1884 563 1929 Hinc
596 1900 719 1928 senes
752 1885 898 1929 multi:
931 1885 1078 1930 videas
1111 1901 1216 1930 avos
1249 1902 1456 1944 proavos·
1484 1897 1505 1930 6

59 1961 145 2003 que
176 1945 264 1990 iam
296 1945 524 2001 iuvenum,
556 1946 706 1990 audias
739 1946 910 1990 fabulas
942 1949 1109 1991 veteres
1149 1962 1457 2004 sermonesque

59 2007 296 2063 maiorum,
333 2021 520 2063 cumque
554 2007 722 2051 veneris
762 2007 860 2064 illo,
900 2011 1027 2065 putes
1067 2009 1154 2052 alio
1194 2011 1237 2052 te
1282 2008 1456 2052 saeculo

58 2070 223 2114 natum.
266 2066 476 2126 Regionis
502 2067 644 2112 forma
668 2068 975 2125 pulcherrima.
1015 2068 1261 2128 Imaginare
1289 2069 1458 2126 amphi-
1485 2080 1505 2112 ‘1

0 2140 36 2172 Ι
60 2129 282 2175 theatrum
330 2128 509 2185 aliquod
559 2129 841 2186 immensum,
893 2133 936 2174 et
988 2131 1115 2187 quale
1167 2131 1261 2174 sola
1311 2145 1456 2174 rerum

58 2191 217 2236 natura
248 2189 390 2248 possit
422 2189 642 2248 effingere.
693 2190 803 2235 Lata
835 2193 879 2235 et
907 2191 1065 2235 diffusa
1098 2191 1302 2248 planities
1335 2206 1458 2234 mon·

18 2295 19 2298 ,
59 2249 178 2296 tibus
217 2250 429 2310 cingitur,
469 2253 640 2295 montes
683 2266 854 2296 summa
892 2252 959 2296 sui
1002 2255 1125 2309 parte
1166 2267 1348 2309 procera
1385 2267 1459 2296 ne-

0 2346 17 2378 (
159 2373 207 2408 10
232 2370 403 2409 Domitio
429 2383 475 2409 ex
501 2371 549 2409 R.
708 2375 752 2408 21
782 2372 927 2409 aestivo
956 2373 1075 2419 RFp
1086 2385 1157 2414 ra,
1186 2373 1333 2417 eatan,
1362 2372 1460 2418 Otto,

63 2418 213 2466 uua„
243 2419 404 2457 adsiduo
430 2421 532 2466 (ass.)
567 2420 679 2465 MD,
711 2421 786 2466 K.;
816 2422 989 2468 tempore
1024 2384 1229 2468 RpFDpr
1261 2422 1326 2466 (cf.
1353 2422 1459 2467 infra

33 2479 99 2516 p.
120 2469 204 2515 124,
221 2470 301 2516 32),
326 2471 459 2516 tepore
487 2470 581 2514 Ma,
607 2469 741 2507 eatan
770 2470 836 2515 (cf.
858 2471 906 2507 ΙΙ
926 2474 983 2513 17,
1003 2472 1055 2516 3),
1084 2471 1149 2515 K.,
1176 2470 1310 2507 Muell.
