1716 2742
107 322 151 355 11

111 758 154 791 12

112 1133 156 1166 13

116 1571 161 1604 14

121 1945 165 1977 15

180 134 272 179 218
796 128 835 165 e.
863 127 1002 164 PLINI

181 247 253 292 eui
287 261 461 303 semper
493 244 581 288 fuit
622 259 754 288 curae
794 242 858 287 sic
892 242 990 286 iura
1022 241 1204 299 publica
1237 244 1289 286 ut
1321 241 1516 300 privata,
1550 241 1615 285 sic

181 310 366 367 antiqua
398 310 450 352 ut
472 307 678 364 recentia,
707 306 771 350 sic
797 321 897 349 rara
923 307 976 348 ut
1002 304 1188 349 adsidua
1213 306 1417 349 tractare.
1464 301 1615 360 Atque

183 387 267 431 ego
320 371 513 415 arbitror
564 369 654 412 illis
707 368 862 424 etlam,
914 367 1076 424 quibus
1123 366 1421 424 plurimarum
1464 382 1615 411 rerum

183 434 369 493 agitatio
403 433 613 490 frequens
646 431 762 475 nihil
795 445 891 475 esse
924 430 1133 489 ignotum
1166 429 1439 487 patiebatur,
1474 443 1614 488 genus

183 495 476 555 quaestionis,
517 494 638 552 quod
677 493 830 538 adfero
871 492 927 536 ad
966 495 1031 549 te,
1070 494 1148 536 aut
1178 507 1273 536 non
1315 491 1423 537 satis
1456 491 1616 536 tritum

183 562 260 603 aut
293 559 429 602 etiam
463 558 747 614 inexpertum
781 556 932 600 fuisse.
999 554 1100 600 Hoc
1140 557 1185 599 et
1225 569 1310 614 ego
1350 554 1617 611 excusatior,

184 623 221 666 si
260 621 376 665 forte
417 635 516 665 sum
554 620 728 678 lapsus,
767 621 812 662 et
850 620 901 662 tu
935 618 1115 677 dignior
1152 617 1305 675 laude,
1338 617 1377 662 si
1408 619 1538 675 potes
1571 617 1617 661 id

185 699 362 741 quoque
397 683 575 739 docere,
609 681 731 740 quod
763 682 811 725 in
845 681 1036 725 obscuro
1071 682 1139 725 est
1172 696 1230 724 an
1263 679 1484 725 didiceris.

278 745 571 790 Referebatur
617 745 670 789 de
711 744 886 789 libertis
920 742 1082 787 Afrani
1114 742 1275 795 Dextri
1315 742 1514 787 consulis
1553 742 1618 786 in-

183 811 355 854 certum
389 824 469 853 sua
502 824 559 852 an
593 823 777 852 suorum
810 822 967 864 manu,
999 806 1164 851 scelere
1190 821 1249 849 an
1276 805 1493 862 obsequio
1520 820 1617 863 per-

184 871 335 929 empti.
420 870 517 915 Hos
571 870 685 915 alius
733 868 940 929 (‘Quis‘?’
987 868 1159 926 inquis3
1211 883 1314 927 ego,
1375 867 1453 913 sed
1503 867 1620 911 nihil

183 932 340 993 refert)
373 936 479 992 post
512 933 821 991 quaestionem
855 931 1080 990 supplicio
1113 931 1390 988 liberandos,
1424 930 1538 975 alius
1572 930 1620 974 in

184 997 378 1042 insulam
404 996 683 1055 relegandos,
709 995 823 1039 alius
851 998 996 1039 morte
1023 994 1275 1052 puniendos
1306 993 1620 1038 arbitrabatur.

186 1059 384 1112 Quarum
431 1059 754 1103 sententiarum
800 1060 927 1102 tanta
978 1057 1212 1101 diversitas
1265 1058 1378 1114 erat,
1429 1058 1481 1100 ut
1528 1071 1621 1100 non

185 1124 370 1180 possent
404 1137 500 1167 esse
532 1122 621 1166 nisi
654 1121 870 1180 singulae.
919 1119 1037 1173 Quid
1071 1119 1190 1163 enim
1217 1134 1457 1164 commune
1483 1118 1620 1163 habet

186 1184 388 1230 occidere
429 1187 474 1229 et
516 1183 746 1243 relegare?
809 1183 918 1228 Non
949 1182 1130 1227 hercule
1164 1181 1308 1241 magis
1344 1196 1479 1239 quam
1511 1181 1622 1226 rele—

186 1263 291 1306 gare
338 1249 382 1291 et
427 1247 677 1305 absolvere3
724 1261 997 1304 quamquam
1043 1245 1230 1303 propior
1275 1245 1507 1302 aliquanto
1553 1246 1622 1289 est

188 1310 434 1355 sententiae
472 1309 728 1381 relegantis,
762 1324 875 1367 quae
908 1308 1115 1364 absolvit,
1153 1323 1288 1366 quam
1316 1322 1429 1365 quae
1457 1306 1623 1352 occidit

187 1371 397 1432 (utraque
437 1373 557 1417 enim
598 1388 653 1416 ex
691 1372 782 1416 illis
823 1372 964 1416 vitam
1004 1342 1239 1428 reliriquit,
1277 1369 1389 1415 haee
1431 1366 1622 1428 adimit),

189 1451 290 1480 cum
317 1436 511 1493 interim,
538 1437 582 1480 et
609 1435 687 1492 qui
714 1436 857 1479 morte
884 1433 1145 1492 puniebant,
1173 1435 1217 1477 et
1245 1433 1324 1491 qui
1349 1432 1623 1492 relegabant,

188 1515 278 1542 una
330 1498 541 1543 sedebant
593 1501 637 1542 et
688 1497 960 1555 temporaria
1012 1496 1300 1541 simulatione
1358 1495 1624 1540 concordiae

189 1561 458 1606 discordiam
486 1561 760 1605 differebant.
806 1559 907 1619 Ego
941 1559 1248 1617 postulabam,
1273 1560 1326 1602 ut
1351 1558 1495 1603 tribus
1529 1573 1624 1603 sen-

189 1623 342 1668 tentiis
370 1626 596 1668 constaret
623 1639 728 1668 suus
755 1638 990 1679 numerus,
1015 1637 1098 1666 nec
1125 1637 1171 1666 se
1197 1621 1410 1666 brevibus
1437 1620 1623 1665 indutiis

191 1686 304 1730 duae
337 1686 584 1745 iungerent.
650 1685 902 1745 Exigebam
935 1699 1063 1743 ergo,
1095 1686 1164 1742 ut,
1199 1684 1278 1742 qui
1311 1683 1495 1741 capitali
1522 1699 1625 1741 sup-

191 1749 328 1806 plicio
375 1748 647 1794 adficiendos
699 1748 938 1807 putabant,
986 1746 1263 1792 discederent
1308 1762 1335 1790 a
1385 1746 1627 1805 relegante,

191 1827 275 1856 nec
307 1811 487 1855 interim
521 1814 678 1856 contra
711 1811 993 1856 absolventes
1026 1825 1134 1854 mox
1166 1809 1411 1854 dissensuri
1443 1823 1627 1868 congre-

194 1876 425 1933 garentur,
468 1875 572 1931 quia
605 1875 844 1932 parvulum
877 1873 1082 1930 referret,
1115 1888 1173 1916 an
1204 1872 1323 1916 idem
1357 1871 1628 1929 displiceret,

195 1937 357 1994 quibus
402 1951 495 1980 non
540 1937 658 1981 idem
704 1936 959 1995 placuisset.
1025 1934 1144 1980 Illud
1191 1935 1327 1979 etiam
1373 1934 1485 1978 mihi
1530 1949 1627 1992 per-

195 1999 357 2043 mirum
390 1999 642 2057 videbatur,
677 2015 778 2043 eum
806 1999 1006 2056 quidem,
1034 1998 1112 2055 qui
1137 1997 1324 2042 libertos
1350 1996 1627 2056 relegandOS,

195 2077 346 2106 servos
393 2062 614 2119 supplicio
658 2062 930 2107 adficiendos
977 2061 1242 2118 censuisset,
1284 2061 1490 2105 coactum
1533 2074 1628 2104 esse

196 2123 392 2168 dividere
439 2125 728 2182 sententiam,
764 2125 885 2169 hunc
924 2129 1092 2181 autem,
1136 2123 1214 2181 qui
1255 2123 1442 2167 libertos
1485 2124 1628 2166 morte

196 2187 426 2244 multaret,
453 2202 554 2231 cum
581 2188 808 2246 relegante
840 2187 1077 2231 numerari.
1124 2184 1265 2243 Nam,
1291 2185 1330 2230 si
1356 2184 1629 2243 oportuisset

196 2249 337 2293 dividi
363 2250 630 2294 sententiam
656 2250 810 2307 unius,
844 2250 950 2307 quia
975 2265 1045 2294 res
1074 2248 1183 2293 duas
1211 2246 1630 2306 comprehendebat,

195 2328 287 2357 non
314 2312 603 2369 reperiebam,
630 2327 763 2370 quem
792 2312 847 2356 ad
874 2311 1059 2356 modum
1086 2313 1240 2369 posset
1259 2310 1388 2369 iungi
1408 2309 1630 2354 sententia

197 2375 388 2419 duorum
421 2377 514 2418 tam
549 2375 724 2420 diversa
756 2375 1047 2419 censentium.

301 2513 347 2547 18
375 2508 589 2546 absolverit
617 2523 652 2551 a,
681 2509 798 2547 solvit
825 2510 874 2554 Β,
903 2510 1101 2547 Budaeus.

1645 814 1680 841 1³

1647 1125 1683 1154 15

1649 1440 1687 1468 20

1652 1755 1688 1783 25

1655 2072 1691 2099 30
