1624 2678
141 131 226 174 170
731 126 768 161 C.
796 124 929 160 PLINI

137 255 373 296 numquam
418 238 682 293 necessitati,
729 252 839 294 quae
883 251 984 294 pars
1028 236 1214 280 rationis
1258 238 1344 292 est,
1387 235 1528 292 parui.

137 302 221 359 Egi
267 301 379 344 enim
423 299 630 356 quasdam
676 314 701 341 a
752 300 905 342 senatu
955 298 1120 354 iussus,
1151 311 1239 354 quo
1282 299 1432 340 tamen
1482 295 1528 339 in

137 377 316 405 numero
349 362 525 404 fuerunt
557 375 610 403 ex
642 359 719 403 illa
744 359 961 402 Thraseae
993 358 1227 416 divisione,
1258 358 1345 402 hoc
1376 360 1444 401 est
1474 356 1529 400 ad

89 435 111 467 8
138 423 384 479 exemplum
418 422 696 478 pertinentes.
748 420 885 463 Adfui
910 419 1103 463 Baeticis
1136 421 1291 463 contra
1315 417 1530 462 Baebium

139 484 343 527 Massam:
394 483 641 539 quaesitum
686 484 769 537 est,
821 496 878 524 an
929 480 1071 524 danda
1121 483 1238 525 esset
1280 479 1529 537 inquisitio,
1556 494 1572 521 ⁵

138 545 236 587 data
268 547 343 587 est.
407 542 543 586 Adfui
574 557 724 586 rursus
764 542 902 586 isdem
936 541 1220 599 querentibus
1254 541 1306 585 de
1339 539 1529 585 Caecilio

138 604 345 648 Classico:
400 604 646 661 quaesitum
701 606 786 660 est,
842 619 899 646 an
948 603 1240 660 provinciales
1291 604 1342 646 ut
1386 602 1530 646 socios

138 666 446 722 ministrosque
488 665 764 722 proconsulis
806 664 941 721 plecti
983 666 1227 721 oporteret;
1267 678 1433 721 poenas
1464 663 1548 706 lu-.

90 739 110 771 9
138 729 274 770 erunt.
338 726 554 770 Accusavi
592 726 779 769 Marium
813 725 1030 781 Priscum,
1077 725 1154 782 qui
1191 726 1290 784 lege
1326 726 1530 784 repetun-

137 787 288 830 darum
331 787 560 831 damnatus
602 787 809 831 utebatur
850 787 1086 831 clementia
1123 786 1255 845 legis,
1299 785 1425 830 cuius
1467 800 1530 830 se·
1557 800 1592 826 10

137 849 363 892 veritatem
405 849 678 892 immanitate
723 848 957 892 criminum
1001 850 1264 905 excesserat3
1308 848 1530 906 relegatus

68 922 110 953 10
137 913 213 954 est.
271 909 428 953 Tuitus
455 925 551 953 sum
577 908 739 953 Iulium
766 909 952 953 Bassum
978 912 1030 952 ut
1054 908 1373 953 incustoditum
1397 907 1530 952 nimis

138 973 180 1013 et
211 971 434 1014 incautum
472 971 535 1014 ita
566 971 744 1014 minime
778 971 962 1027 malum3
1003 970 1222 1015 iudicibus
1261 969 1453 1027 acceptis
1485 969 1532 1013 in

67 1045 107 1076 11
137 1034 289 1074 senatu
321 1032 540 1075 remansit.
604 1031 709 1074 Dixi
734 1032 933 1088 proxime
958 1047 1039 1088 pro
1062 1031 1238 1076 Vareno
1264 1030 1533 1089 postulante,

137 1095 186 1135 ut
219 1092 302 1135 sibi
334 1093 521 1136 invicem
555 1107 734 1136 evocare
767 1095 900 1136 testes
932 1093 1104 1150 liceret3
1135 1093 1421 1150 impetratum
1453 1094 1530 1136 est.
1558 1105 1592 1132 15

137 1151 187 1195 In
219 1156 445 1210 posterum
479 1156 584 1210 opto
624 1157 674 1197 ut
706 1169 756 1197 ea
793 1153 1075 1211 potissimum
1108 1154 1280 1211 iubear,
1318 1167 1429 1210 quae
1461 1168 1531 1197 me

138 1214 288 1257 deceat
319 1215 388 1258 vel
421 1213 577 1271 sponte
610 1216 774 1258 fecisse.
840 1215 960 1258 Vale.

768 1318 890 1357 XXX.

338 1391 379 1424 C.
402 1392 599 1425 PLINIUS
626 1392 821 1425 FABATO
849 1392 1140 1426 PROSOCERO
1169 1392 1263 1426 SUO
1291 1393 1328 1426 S.

93 1473 106 1502 1
230 1458 447 1502 Debemus
481 1459 727 1503 mehercule
752 1461 919 1504 natales
946 1463 1047 1504 tuos
1073 1460 1255 1518 perinde
1280 1475 1331 1504 ac
1355 1463 1532 1505 nostros
1559 1473 1594 1501 2⁰

141 1519 373 1575 celebrare,
405 1535 504 1563 cum
523 1521 690 1564 laetitia
709 1524 962 1565 nostrorum
983 1537 1037 1565 ex
1059 1522 1148 1566 tuis
1167 1521 1375 1579 pendeat,
1407 1522 1532 1574 cuius

92 1591 113 1623 2
141 1580 368 1637 diligentia
393 1584 437 1623 et
463 1596 566 1624 cura
590 1582 663 1625 hic
688 1582 869 1639 hilares,
901 1583 1002 1627 istic
1028 1583 1170 1627 securi
1196 1597 1360 1627 sumus.
1411 1582 1534 1627 Villa

142 1639 414 1697 Camilliana,
461 1657 590 1697 quam
630 1643 676 1686 in
709 1642 948 1700 Campania
985 1644 1202 1701 possides,
1247 1646 1314 1688 est
1355 1644 1532 1701 quidem

141 1704 355 1744 vetustate
388 1706 559 1759 vexata;
592 1719 641 1746 ea
672 1707 838 1760 tamen,
872 1719 983 1761 quae
1016 1708 1119 1748 sunt
1149 1705 1423 1762 pretiosiora,
1456 1708 1534 1749 aut

92 1773 113 1805 3
142 1762 311 1818 integra
343 1767 520 1806 manent
553 1767 627 1807 aut
667 1766 886 1809 levissime
918 1767 1037 1810 laesa
1069 1769 1183 1811 sunt.
1246 1765 1531 1810 Attendimus
1558 1777 1594 1804 25

141 1837 266 1878 ergo,
297 1826 346 1865 ut
373 1839 502 1879 quam
529 1826 809 1869 saluberrime
835 1827 1099 1871 reficiantur.
1156 1827 1255 1886 Ego
1282 1827 1435 1871 videor
1457 1827 1533 1871 ha-

140 1883 240 1925 bere
282 1884 442 1927 multos
486 1886 666 1942 amicos,
709 1888 783 1930 sed
824 1888 955 1931 huius
999 1888 1193 1946 generis,
1235 1889 1360 1933 cuius
1398 1891 1444 1932 et
1483 1891 1533 1932 tu

92 1956 114 1987 4
142 1945 312 1999 quaeris
335 1947 377 1987 et
395 1959 464 1987 res
486 1946 640 2004 exigit,
672 1962 808 2004 prope
828 1949 1060 1993 neminem.
1108 1948 1223 1993 Sunt
1242 1950 1360 1994 enim
1381 1965 1532 1994 omnes

141 2005 281 2061 togati
326 2008 369 2047 et
412 2006 585 2062 urbani3
635 2009 898 2052 rusticorum
945 2013 1091 2054 autem
1136 2010 1416 2067 praediorum
1461 2010 1534 2054 ad-

141 2065 405 2108 ministratio
438 2068 580 2122 poscit
611 2069 767 2111 durum
795 2071 986 2127 aliquem
1013 2074 1057 2114 et
1082 2074 1316 2129 agrestem,
1349 2072 1421 2115 cui
1451 2086 1534 2116 nec
1560 2083 1595 2108 ³⁰

140 2125 266 2168 labor
304 2126 377 2169 ille
410 2128 555 2184 gravis
593 2144 674 2172 nec
714 2145 816 2173 cura
848 2132 1135 2188 sordidalnec
1166 2132 1306 2176 tristis
1339 2132 1532 2176 solitudo

92 2199 114 2230 5
142 2186 349 2229 videatur.
407 2187 473 2229 Tu
506 2189 558 2231 de
592 2188 706 2232 Rufo
740 2191 1047 2236 honestissime
1080 2193 1268 2251 cogitas,
1298 2193 1386 2236 fuit
1415 2193 1533 2236 enim

239 2285 259 2317 2
276 2293 350 2327 quo
366 2282 483 2318 etiam
500 2295 570 2328 pro
586 2296 660 2329 quo
674 2287 804 2321 tamen
822 2288 905 2324 Otto
919 2291 992 2325 303
1004 2301 1056 2333 n„
1077 2299 1177 2334 quae
1189 2288 1306 2324 tertio
1321 2288 1532 2325 casaubon.

141 2334 186 2365 24
214 2341 260 2366 ea
279 2332 409 2367 tamen
428 2343 463 2375 a,
485 2332 536 2368 K.
557 2333 609 2368 ΙΙ
630 2334 741 2379 (disp.
763 2336 790 2370 Ι
806 2347 846 2381 p.
870 2339 948 2382 13),
974 2337 1123 2382 Muell„
1149 2338 1189 2373 et
1208 2338 1236 2373 t.
1256 2337 1374 2383 Dpr,
1402 2338 1534 2374 tamen
1600 2338 1602 2340 ’

142 2379 271 2464 ffb}
288 2380 320 2415 Ι.
422 2383 467 2415 25
488 2381 723 2417 attendimus
746 2384 844 2428 Ma,
872 2386 922 2420 K.
938 2386 973 2429 I,
999 2385 1242 2422 attendemus
1263 2385 1304 2422 D
1308 2397 1339 2432 p
1348 2398 1380 2430 r,
1407 2387 1459 2422 K.
1475 2388 1533 2431 ΙΙ,

186 2440 197 2463 1
243 2452 246 2457 »
264 2457 270 2463 .
