1656 2684
139 165 191 208 12
722 152 760 188 C.
787 149 920 186 PLINI

135 271 352 316 sufficeret
383 282 531 322 unum,
556 265 800 321 Euphrates
832 259 1134 318 philosophus.
1192 255 1325 300 Hunc
1357 267 1440 313 ego
1471 253 1519 298 in

137 332 281 389 Syria,
313 345 409 373 cum
443 325 792 371 adulescentulus
827 322 1081 375 militarem,
1111 318 1288 375 penitus
1320 318 1365 360 et
1395 314 1518 360 domi

136 391 304 449 inspexi
342 389 561 444 amarique
599 386 653 430 ab
692 400 742 428 eo
780 381 995 438 laboravi,
1038 380 1119 424 etsi
1151 393 1243 422 non
1274 379 1368 421 erat
1396 375 1518 421 labo-

136 453 329 496 randum.
387 450 467 493 Est
498 449 611 491 enim
645 445 799 490 obvius
833 447 875 487 et
907 443 1131 499 expositus
1163 440 1408 497 plenusque
1438 437 1519 481 hu-

137 514 361 566 manitate,
416 524 544 566 quam
589 507 813 564 praecipit.
888 503 1034 560 Atque
1083 500 1253 545 utinam
1303 499 1368 543 sic
1410 498 1520 556 ipse,
1543 511 1562 539 5

139 589 267 631 quam
300 587 418 628 spem
452 574 558 613 tunc
589 569 663 611 ille
696 568 747 610 de
781 582 849 609 me
882 564 1098 620 concepit,
1136 559 1431 618 impleverim,
1469 564 1521 603 ut

139 636 211 678 ille
243 634 428 676 multum
461 629 695 673 virtutibus
729 628 819 671 suis
851 626 1034 670 addidit!
1066 627 1143 667 aut
1168 637 1250 681 ego
1275 635 1395 666 1111110
1419 620 1520 665 illas

141 695 277 752 magis
304 693 448 748 miror,
475 691 578 748 quia
603 689 740 747 magis
768 689 988 745 intellego.
1033 685 1307 741 Quamquam
1326 697 1384 727 116
1401 695 1521 726 1111110

142 755 313 812 quidem
347 754 452 797 satis
485 752 705 808 intellego.
756 749 818 793 Ut
850 749 965 792 enim
999 747 1050 790 de
1076 746 1256 802 pictore,
1289 744 1521 801 scalptore,

139 818 287 859 fictore
318 814 403 858 nisi
435 813 591 856 artifex
623 811 829 866 iudicare,
862 811 922 852 ita
949 809 1034 852 nisi
1061 807 1234 864 sapiens
1259 820 1351 850 non
1375 806 1522 862 potest
1547 817 1584 844 ιο

139 876 379 933 perspicere
425 874 672 930 sapientem.
737 870 955 923 Quantum
1001 873 1147 912 tamen
1191 867 1302 910 mihi
1346 879 1521 910 cernere

140 938 276 992 datur,
317 937 457 979 multa
496 935 542 977 in
573 933 796 990 Euphrate
837 932 898 975 sic
935 931 1128 974 eminent
1160 931 1204 972 et
1235 928 1429 984 elucent,
1470 929 1523 970 ut

139 997 412 1041 mediocriter
444 1010 617 1052 quoque
649 995 802 1037 doctos
835 993 1062 1036 advertant
1087 993 1132 1034 et
1156 989 1376 1033 adficient.
1421 987 1523 1032 Dis-

139 1061 264 1115 putat
295 1057 525 1112 subtiliter,
556 1056 757 1113 graviter‚
790 1057 957 1107 ornate,
988 1053 1241 1109 frequenter
1266 1050 1400 1094 etiam
1425 1048 1524 1092 Pla-

141 1120 330 1162 tonicam
381 1118 501 1161 illam
553 1116 864 1159 sublimitatem
915 1118 958 1158 et
1005 1113 1285 1157 latitudinem
1335 1109 1522 1169 effingit.
1549 1121 1584 1150 1⁶

141 1179 291 1222 Sermo
324 1181 390 1222 est
421 1178 621 1234 copiosus
654 1180 698 1219 et
728 1177 892 1232 varius,
923 1176 1061 1219 dulcis
1094 1175 1140 1217 in
1171 1172 1345 1230 primis,
1377 1174 1423 1215 et
1447 1170 1524 1229 qui

140 1239 421 1297 repugnantis
449 1253 621 1295 quoque
647 1238 789 1293 ducat,
819 1237 1026 1292 impellat.
1077 1235 1147 1278 Ad
1172 1234 1259 1278 hoc
1282 1232 1525 1291 proceritas

143 1300 351 1356 corporis,
397 1300 552 1343 decora
588 1299 739 1353 facies,
783 1298 993 1341 demissus
1039 1296 1244 1353 capillus,
1286 1296 1443 1353 ingens
1482 1296 1527 1337 et

143 1376 248 1404 cana
278 1360 429 1416 barba3
462 1375 572 1416 quae
603 1360 708 1403 licet
737 1359 920 1402 fortuita
951 1362 994 1402 et
1025 1358 1172 1401 inania
1203 1359 1428 1413 putentur,
1459 1354 1526 1398 illi
1608 1371 1614 1383 ·
1639 1404 1642 1407 ,

142 1426 286 1464 tamen
310 1421 545 1477 plurimum
570 1420 860 1464 venerationis
886 1419 1133 1476 adquirunt.
1181 1417 1345 1462 Nullus
1369 1417 1528 1460 horror
1551 1428 1589 1456 ιο

145 1483 188 1524 111
220 1483 357 1536 cultu,
388 1482 509 1524 nulla
540 1482 739 1538 tristitia,
772 1482 958 1523 multum
992 1479 1256 1535 severitatis3
1285 1477 1524 1529 reverearis

145 1556 389 1597 occursum,
438 1557 526 1585 non
575 1541 838 1585 reformides.
903 1541 1032 1584 Vitae
1083 1541 1292 1585 sanctitas
1343 1553 1527 1595 summa,

145 1603 324 1646 comitas
351 1618 444 1658 par3
473 1603 708 1646 insectatur
732 1604 851 1656 vitia,
882 1618 971 1646 non
997 1603 1209 1658 homines,
1232 1615 1315 1645 1160
1340 1599 1530 1657 castigat

145 1667 353 1720 errantes,
386 1663 459 1705 sed
491 1664 699 1706 emendat.
751 1662 954 1719 Sequaris
987 1666 1236 1707 monentem
1261 1665 1458 1706 attentus
1483 1661 1529 1704 et

145 1724 335 1779 pendens
369 1726 411 1766 et
435 1725 681 1779 persuaderi
718 1725 819 1781 tibi,
859 1725 990 1768 etiam
1018 1739 1117 1767 cum
1142 1723 1422 1780 persuaserit,
1453 1735 1526 1765 cu·
1550 1733 1586 1761 2⁵

150 1784 255 1840 pias.
318 1783 407 1826 Iam
442 1799 543 1827 vero
581 1785 707 1827 liberi
738 1788 843 1840 tres,
882 1786 967 1828 duo
1001 1801 1158 1840 mares,
1199 1799 1309 1841 quos
1342 1783 1526 1841 diligen-

146 1844 311 1887 tissime
343 1844 544 1887 instituit.
596 1844 727 1888 Socer
757 1845 990 1902 Pompeius
1023 1846 1218 1890 Iulianus
1251 1860 1352 1890 cum
1382 1846 1528 1888 cetera

146 1905 237 1947 vita
262 1908 371 1972 'turn
415 1906 484 1947 vel
524 1906 607 1948 hoc
647 1921 734 1948 uno
775 1921 958 1964 magnus
1001 1911 1044 1950 et
1075 1909 1236 1965 clarus,
1282 1906 1400 1963 quod
1432 1905 1527 1962 ipse

147 1980 395 2021 provinciae
415 1966 614 2021 princeps
635 1967 747 2009 inter
767 1967 999 2010 altissimas
1020 1969 1297 2012 condiciones
1318 1980 1528 2026 generum

148 2040 238 2068 non
269 2025 508 2093 honoribus
540 2027 798 2083 principem,
831 2028 903 2070 sed
938 2030 1148 2083 sapientia
1180 2029 1323 2087 elegit.
1368 2027 1527 2080 Quam·
1553 2039 1590 2066 ⁸⁰

149 2101 279 2142 quam
312 2086 415 2141 quid
435 2101 522 2154 'ego
549 2088 675 2143 plura
700 2088 752 2130 de
777 2089 890 2143 viro,
923 2104 1008 2144 quo
1035 2090 1143 2132 mihi
1168 2091 1256 2134 frui
1281 2105 1368 2134 non
1396 2086 1532 2132 licet?

148 2162 203 2189 an
243 2149 292 2189 ut
329 2161 468 2204 magis
500 2162 645 2204 angar,
685 2149 801 2204 quod
832 2165 921 2192 non
952 2150 1082 2194 licet?
1142 2150 1259 2195 Nam
1290 2150 1532 2207 distringor

149 2207 295 2250 officio
337 2210 387 2250 ut
428 2208 616 2251 maximo
656 2209 718 2252 sic
750 2210 1075 2267 molestissim03
1119 2212 1246 2255 sedeo
1279 2227 1360 2269 pro
1392 2211 1531 2254 tribu-

249 2315 387 2349 sstunc
413 2313 478 2350 ille
511 2314 887 2362 deRFDpras,
918 2319 1009 2354 tunc
1035 2319 1145 2354 etde
1173 2320 1275 2356 MV.
1377 2318 1533 2365 Sprius

149 2361 275 2408 magis
294 2373 362 2397 om.
383 2363 421 2399 R
434 2363 590 2408 Fpra,
614 2365 739 2410 magis
758 2365 875 2401 miror
894 2367 985 2411 quia
1004 2367 1126 2413 magis
1146 2379 1215 2404 om.
1236 2369 1288 2405 D.
1366 2372 1409 2404 11
1436 2365 1533 2402 mihi

149 2410 575 2495 ζᾜὲηἰὲξθξιέἠξξντ.
677 2418 721 2449 25
741 2414 967 2459 persuadere
990 2419 1027 2453 R
1040 2416 1079 2451 F
1084 2428 1186 2461 pra.
1287 2420 1332 2452 29
1352 2416 1532 2463 princeps
