1716 2742
31 811 67 839 10

31 1125 67 1153 15

26 1441 63 1469 20

25 1755 61 1784 25

23 2071 62 2100 30

496 114 855 154 PANEGYRICUS
883 119 917 163 8,
933 127 949 153 3
960 140 1010 145 --
1027 120 1084 163 10,
1099 127 1127 153 4.
1433 118 1524 163 329

95 231 339 289 videretur,
365 231 403 275 si
429 231 622 276 dicerem
650 231 861 277 ‘Nescisti
880 235 924 276 te
944 232 1260 289 imperatorem
1286 231 1524 275 futurum':

95 309 192 339 eras
230 294 476 352 imperator
518 297 562 339 et
601 311 696 340 esse
738 298 783 339 te
822 295 1062 340 nesciebas.
1128 294 1192 340 Ut
1234 310 1338 339 vero
1382 294 1438 339 ad
1480 297 1524 338 te

93 357 302 402 fort1mae
334 359 438 401 tuae
470 358 655 402 nuntius
689 358 835 415 venit,
868 358 1064 402 malebas
1094 358 1275 415 quidem
1301 357 1389 402 hoc
1415 371 1525 414 esse,

95 419 217 478 quod
248 419 418 477 fueras,
451 420 528 465 sed
560 436 655 465 non
687 424 781 465 erat
813 421 1018 465 liberum.
1078 422 1153 465 An
1185 436 1278 465 non
1311 421 1525 478 obseque-

92 482 204 528 reris
249 483 445 541 principi
491 483 619 541 civis,
665 484 841 543 legatus
884 484 1165 542 imperatori,
1210 483 1331 528 filius
1375 483 1524 541 patri?

92 544 186 591 Ubi
225 545 384 590 deinde
425 519 683 604 disciplina,
722 546 801 590 ubi
840 562 938 591 mos
973 563 998 590 a
1037 547 1280 591 maioribus
1319 546 1523 603 traditus,

93 608 408 667 quodcumque
434 609 679 666 imperator
705 624 868 653 munus
896 610 1169 668 iniungeret,
1203 624 1344 680 aequo
1372 609 1522 653 animo

92 674 342 730 paratoque
375 671 626 716 subeundi?
659 671 777 725 Quid
805 672 942 729 enim,
976 673 1013 715 si
1046 673 1301 730 provincias
1336 687 1391 716 ex
1422 686 1524 730 pro-

93 735 272 793 vinciis,
293 750 349 779 ex
367 734 496 779 bellis
518 735 636 779 bella
656 734 918 779 mandaret?
960 735 1158 791 Adparet
1179 735 1335 779 eodem
1355 735 1434 778 illo
1455 735 1525 778 uti

92 797 208 855 iure,
241 812 343 842 cum
370 797 464 842 ad
452 798 691 856 imperium
719 801 763 842 te
790 800 937 855 vocet,
973 813 1061 855 quo
1090 798 1149 842 sit
1176 813 1304 855 usus,
1339 813 1441 842 cum
1468 797 1523 841 ad

93 860 338 907 exercitum
378 861 570 917 miserit,
609 861 814 919 nihilque
853 861 1081 918 interesse,
1121 861 1185 905 ire
1226 833 1427 919 leg'atum
1466 876 1524 904 an

92 923 236 968 redire
269 923 522 982 principem
555 923 729 981 iubeat,
772 924 863 967 nisi
897 924 1017 980 quod
1050 923 1193 967 maior
1226 924 1284 967 sit
1318 923 1524 981 obsequii

91 986 238 1046 gloria
268 987 317 1031 in
350 1002 422 1044 eo,
467 986 588 1044 quod
623 986 723 1044 quis
758 986 906 1031 minus
940 987 1062 1030 velit.
1127 985 1338 1045 Augebat
1371 983 1598 1031 aucto-10

89 1049 270 1094 ritatem
302 1049 499 1094 iubentis
531 1049 579 1093 111
613 1064 842 1093 81111111111111
875 1049 1116 1093 discrimen
1149 1049 1392 1093 auctoritas
1427 1049 1521 1093 eius

93 1111 304 1170 adducta,
338 1114 478 1170 utque
511 1112 656 1171 magis
684 1112 931 1170 parendum
960 1112 1202 1170 imperanti
1228 1115 1429 1170 putares,
1462 1111 1523 1156 ef-

90 1175 327 1220 ficiebatur
359 1190 433 1233 eo,
467 1175 588 1232 quod
623 1174 678 1219 ab
713 1175 812 1219 aliis
846 1175 994 1219 minus
1027 1176 1278 1233 parebatur.
1331 1174 1403 1218 Ad
1436 1174 1524 1219 hoc
1549 1186 1570 1219 2

90 1237 300 1283 audiebas
359 1241 540 1282 senatus
599 1238 847 1296 populique
900 1253 1186 1283 consensum:
1244 1253 1335 1282 non
1388 1237 1522 1281 unius

88 1300 264 1346 Nervae
290 1301 508 1346 iudicium
535 1301 668 1358 illud,
700 1301 780 1345 issa
806 1301 965 1346 electio
993 1301 1091 1345 fuit.
1149 1300 1288 1358 Nam,
1322 1300 1400 1358 qui
1425 1300 1522 1344 ubi-

90 1379 178 1422 que
220 1366 326 1409 sunt
370 1364 596 1421 homines,
647 1363 735 1408 hoc
780 1364 900 1408 idem
946 1364 1063 1409 votis
1110 1363 1396 1422 expetebant:
1445 1363 1522 1407 ille

89 1429 267 1472 tantum
300 1427 396 1472 iure
429 1427 647 1485 principis
682 1428 921 1485 occupavit
946 1427 1207 1485 primusque
1241 1426 1367 1484 fecit,
1400 1426 1521 1484 quod

87 1489 252 1535 facturi
285 1505 439 1535 omnes
473 1493 610 1534 erant.
675 1489 774 1535 Nec
806 1490 987 1534 hercule
1019 1492 1146 1534 tanto
1182 1505 1314 1548 opere
1348 1489 1520 1534 cunctis

86 1552 257 1598 factum
289 1553 503 1611 placeret,
537 1553 626 1597 nisi
657 1553 918 1610 placuisset,
952 1555 1054 1597 ante
1088 1568 1223 1610 quam
1255 1553 1394 1596 fieret.
1459 1550 1522 1596 At

88 1631 199 1674 quo,
242 1615 288 1660 di
329 1616 456 1674 boni,
498 1619 854 1674 temperamento
898 1618 1169 1674 potestatem
1213 1619 1338 1659 tuam
1380 1615 1520 1659 fortu-

86 1694 282 1738 namque
314 1679 571 1723 moderatus
606 1679 671 1723 es!
736 1677 988 1737 Imperator
1027 1681 1077 1723 tu
1110 1678 1254 1722 titulis
1289 1681 1334 1722 et
1365 1678 1521 1736 imagi-

86 1742 221 1787 nibus
261 1744 306 1787 et
345 1741 506 1801 signis,
550 1744 746 1786 ceterum
784 1742 1023 1799 modestia,
1063 1741 1238 1798 labore,
1286 1740 1522 1800 vigilantia

87 1805 179 1850 dux
221 1807 266 1850 et
303 1806 480 1864 legatus
522 1807 566 1849 et
609 1804 757 1861 miles,
803 1819 903 1848 cum
944 1804 1033 1848 iam
1073 1807 1152 1848 tua
1190 1804 1373 1860 vexilla,
1419 1806 1519 1847 tuas

87 1868 261 1926 aquilas
295 1883 460 1928 magno
496 1868 638 1926 gradu
672 1867 862 1912 anteires
902 1883 1047 1925 neque
1081 1866 1204 1917 aliud
1237 1866 1320 1911 tibi
1354 1882 1409 1911 ex
1441 1866 1520 1910 illa

86 1931 328 1989 adoptione
350 1945 484 1988 quam
515 1930 598 1974 filii
619 1930 854 1988 pietatem,
886 1930 970 1974 filii
998 1930 1265 1988 obsequium
1295 1929 1519 1974 adsereres

84 1994 360 2053 longamque
392 1993 498 2038 huic
530 1993 703 2037 nomini
737 1996 948 2050 aetatem,
978 1993 1163 2052 longam
1196 1992 1387 2052 gloriam
1420 2008 1518 2050 pre-

87 2072 248 2102 carere.
313 2055 409 2101 Iam
443 2059 487 2100 te
520 2056 806 2114 providentia
839 2056 1024 2100 deorum
1059 2056 1254 2114 primum
1288 2055 1335 2099 in
1367 2056 1518 2099 locum

85 2122 370 2178 provexerat,
405 2122 455 2163 tu
490 2119 636 2164 adhuc
670 2120 717 2162 in
745 2119 940 2164 secundo
974 2118 1180 2163 resistere
1214 2121 1349 2176 atque
1382 2118 1518 2162 etiam

86 2198 314 2228 senescere
358 2182 565 2240 optabas:
609 2182 810 2240 privatus
863 2181 948 2226 tibi
981 2181 1223 2239 videbaris,
1267 2196 1401 2239 quam
1442 2180 1519 2225 diu

181 2310 202 2343 9
214 2305 363 2343 Eodem
374 2305 487 2342 illum
502 2305 585 2353 (illo
595 2307 659 2353 M)
673 2305 734 2342 uti
745 2306 952 2351 Duebner„
963 2306 1014 2342 K.
1023 2307 1068 2351 1;
1080 2305 1217 2342 eodem
1233 2304 1346 2341 illum
1359 2304 1444 2341 uti
1434 2316 1518 2341 iure

87 2356 232 2407 <posse
252 2356 398 2406 putes>
421 2356 578 2403 Ouspm.
601 2357 706 2402 (item
729 2356 825 2402 Cat„
851 2356 917 2393 sed
941 2335 1010 2392 1110
1024 2367 1101 2403 pro
1121 2355 1266 2402 illum);
1289 2355 1517 2405 <adparet>

86 2407 222 2444 eodem
242 2406 310 2444 illo
331 2419 368 2444 11
391 2407 415 2444 1.
438 2408 579 2454 Haupt
599 2407 729 2443 Herm.
749 2407 809 2443 VI
822 2409 894 2452 26,·
921 2405 1106 2455 (claret)
1134 2406 1270 2443 eodem
1296 2405 1410 2442 illum
1437 2406 1519 2452 (sed

85 2469 119 2494 v.
141 2458 275 2495 Kraut
290 2469 331 2505 p.
349 2460 414 2504 10)
436 2470 473 2493 u.
495 2458 520 2493 i.
543 2457 709 2502 Baehr.;
729 2457 776 2502 cf.
794 2457 1017 2504 Bornecque
1031 2468 1073 2504 p.
1094 2459 1172 2494 208
1191 2461 1226 2494 et
1243 2458 1331 2494 232.
1411 2459 1457 2493 10
1477 2457 1518 2493 18

85 2509 199 2545 vocet
225 2508 419 2554 Baudiug
454 2507 609 2553 Baehr„
645 2508 868 2554 Bornecque
888 2518 930 2554 p.
952 2510 1028 2544 208
1054 2511 1089 2544 et
1113 2510 1201 2553 233,
1235 2507 1390 2544 revocet
1416 2507 1515 2554 ταῖς).
