1716 2742
42 994 80 1023 10

40 1309 77 1338 15

38 1938 75 1967 25

561 142 925 180 EPISTULARUM
952 147 1011 189 57,
1038 147 1098 181 58.
1446 145 1535 190 291

108 260 330 318 iuberem,
361 259 488 306 cuius
515 259 663 304 reditu
686 273 792 303 suos
826 258 943 303 alere
970 261 1133 316 posset.
1188 258 1318 312 Quod
1348 259 1389 304 ei
1415 275 1540 317 prae·

108 323 219 370 stari
250 324 368 369 volo.
429 322 661 368 Summam
700 337 943 380 expensam
975 322 1236 366 liberalitati
1262 338 1386 368 meae
1411 322 1538 367 feres.

370 454 602 489 EIUSDEM
628 453 697 488 AD
724 453 770 487 L.
791 453 991 487 APPIUM
1016 453 1279 488 MAXIMUM.

200 523 485 583 Archippum
518 524 862 582 philosophum,
894 523 1065 568 bonum
1104 524 1251 568 virum
1285 526 1330 568 et
1367 524 1538 582 profes·
1565 534 1587 568 6

106 587 225 633 sioni
256 603 364 633 suae
396 588 532 632 etiam
558 587 758 632 moribus
783 586 1150 644 respondentem,
1176 587 1538 631 commendatum

105 649 271 696 habeas
302 651 458 709 velim,
491 651 554 695 mi
586 650 799 707 Maxime,
833 652 877 694 et
909 650 1090 707 plenam
1131 650 1172 694 ei
1210 649 1538 695 humanitatem

104 715 231 759 tuam
263 716 462 773 praestes
494 714 543 758 in
569 713 644 771 iis,
670 728 784 771 quae
809 712 1058 757 verecunde
1085 728 1111 756 a
1136 715 1181 757 te
1208 713 1537 758 desideraverit.

512 844 748 879 EDICTUM
774 844 888 878 DIVI
914 843 1135 878 NERVAE.
1508 862 1552 919 χ

199 914 428 969 Quaedam
462 915 558 960 sine
591 914 749 973 dubio,
775 913 970 968 Quirites
978 914 1122 972 ‚-ipsa
1147 914 1338 959 felicitas
1365 917 1537 973 tempo·
1565 925 1587 959 7

103 994 206 1023 rum
238 979 392 1035 edicit,
423 993 507 1023 nec
539 978 843 1036 expectandus
876 979 945 1022 est
977 978 1026 1021 in
1057 977 1112 1022 iis
1140 977 1285 1022 bonus
1315 978 1538 1036 princeps,

105 1041 268 1100 quibus
301 1042 431 1086 illum
464 1041 669 1101 intellegi
701 1041 809 1086 satis
849 1043 936 1098 est,
976 1055 1079 1085 cum
1117 1040 1206 1085 hoc
1245 1041 1331 1085 sibi
1370 1040 1537 1085 civium

104 1120 308 1150 meorum
340 1105 561 1163 spondere
593 1105 739 1162 possit
776 1105 849 1148 vel
886 1119 980 1148 non
1022 1103 1251 1148 admonita
1292 1104 1538 1162 persuasio,

103 1183 175 1213 mc
207 1168 493 1213 securitatem
527 1167 729 1212 omnium
763 1167 904 1225 quieti
937 1183 1061 1211 meae
1094 1167 1379 1225 praetulisse,
1412 1169 1464 1211 ut
1493 1169 1538 1212 et

102 1246 222 1276 nova
245 1231 464 1276 beneficia
489 1230 740 1276 conferrem
767 1233 812 1275 et
838 1232 941 1274 ante
968 1246 1039 1274 me
1067 1242 1278 1275 concessa
1302 1245 1536 1275 servarem.

101 1293 174 1339 Ne
198 1297 351 1339 tamen
370 1294 568 1352 aliquam
588 1293 764 1353 gaudiis
786 1292 979 1351 publicis
1001 1292 1172 1337 adferat
1191 1293 1536 1338 haesitationem
1563 1303 1586 1337 8

101 1357 175 1402 vel
206 1372 381 1414 eorum,
414 1358 493 1415 qui
525 1357 902 1415 impetraverunt,
936 1356 1187 1400 diffidentia
1212 1356 1285 1400 vel
1318 1356 1412 1402 eius
1446 1371 1537 1400 me·

101 1421 267 1478 moria,
309 1420 389 1479 qui
428 1419 674 1478 praestitit,
714 1419 1017 1464 necessarium
1059 1420 1228 1477 pariter
1271 1418 1440 1464 credidi
1485 1434 1537 1464 ac

100 1483 270 1528 laetum
310 1483 489 1528 obviam
529 1483 840 1527 dubitantibus
880 1482 1210 1541 indulgentiam
1250 1497 1397 1527 meam
1435 1481 1536 1527 mit-

101 1547 207 1591 tere.
271 1545 394 1592 Nolo
421 1546 648 1591 existimet
675 1546 932 1604 quisquam,
962 1545 1082 1603 quod
1110 1545 1199 1590 alio
1226 1544 1431 1603 principe
1462 1545 1537 1590 vel
1563 1557 1584 1590 9

100 1609 314 1667 privatim
346 1610 419 1654 vel
450 1609 631 1667 publice
665 1611 931 1653 consecutus
965 1609 1035 1666 sit,
1073 1608 1173 1652 ideo
1214 1609 1373 1653 saltem
1406 1624 1433 1652 a
1464 1624 1536 1653 me

101 1672 314 1730 rescindi,
334 1675 387 1717 ut
405 1673 558 1731 potius
578 1672 692 1716 mihi
713 1672 882 1716 debeat.
913 1670 1027 1728 Sint,
1047 1671 1086 1716 si
1104 1673 1216 1729 rata,
1236 1674 1282 1716 et
1301 1674 1433 1730 certa,
1453 1686 1537 1716 nec

102 1735 344 1794 gratulatio
363 1735 501 1780 ullius
527 1734 786 1779 instauratis
808 1737 937 1793 egeat
957 1734 1178 1792 precibus,
1200 1750 1334 1792 quem
1353 1734 1537 1779 fortuna

100 1798 280 1856 imperii
305 1799 437 1843 vultu
462 1798 648 1843 meliore
674 1797 882 1855 respexit.
949 1797 1022 1842 Me
1047 1797 1177 1842 novis
1203 1798 1433 1842 beneficiis
1460 1814 1535 1842 va-

102 1875 202 1905 care
234 1861 465 1919 patiantur
498 1863 543 1905 et
576 1876 626 1905 ea
660 1861 838 1905 demum
874 1860 1020 1905 sciant
1050 1860 1252 1919 roganda
1285 1876 1394 1919 esse,
1421 1876 1534 1919 quae

100 1939 195 1968 11011
225 1923 404 1969 habent.

264 2055 517 2090 EPISTULA
546 2054 778 2089 EIUSDEM
803 2055 873 2089 AD
902 2055 1138 2090 TULLIUM
1164 2054 1374 2090 IUSTUM.

196 2136 308 2182 Cum
340 2153 491 2182 rerum
525 2138 726 2182 omnium
761 2137 1005 2196 ordinatio,
1031 2153 1146 2196 quae
1171 2137 1396 2195 prioribus
1423 2139 1532 2182 tem·
1561 2150 1608 2184 10

99 2201 287 2259 poribus
326 2200 563 2245 inchoatae
606 2203 940 2246 consummatae
980 2203 1103 2259 sunt,
1141 2200 1419 2245 observanda
1461 2200 1534 2258 sit,

99 2266 198 2308 tum
230 2263 436 2322 epistulis
470 2263 604 2308 etiam
637 2263 888 2308 Domitiani
921 2264 1130 2308 standum
1164 2266 1242 2308 est.

201 2403 248 2437 10
275 2399 513 2448 spectandus
540 2400 653 2448 vulg„
682 2400 948 2447 expectandus
971 2401 1162 2438 Vonckius
1188 2401 1282 2437 obss.
1303 2401 1407 2437 misc.
1430 2412 1460 2437 c.
1484 2403 1532 2438 15

94 2462 135 2498 p.
163 2453 227 2497 91,
262 2451 311 2497 cf.
339 2451 450 2496 infra
483 2462 516 2487 v.
545 2453 605 2496 18,
641 2450 777 2487 Muell.
819 2472 866 2477 —
905 2450 1031 2488 bonus
1068 2451 1183 2499 vulq„
1218 2462 1341 2488 novus
1380 2450 1531 2497 Madv„

100 2501 238 2538 Muell.
342 2505 387 2537 21
418 2500 514 2546 sint,
543 2500 577 2536 si
596 2502 701 2546 rata,
729 2502 768 2537 et
789 2501 839 2546 Β,
869 2501 948 2538 sint
967 2502 1056 2538 rata
1076 2502 1116 2538 et
1135 2502 1235 2549 vuly.
1339 2505 1386 2537 22
1415 2502 1531 2549 egeat

99 2551 295 2598 Beroald„
322 2551 388 2597 K,
415 2551 557 2597 Hard„
584 2553 674 2598 eget
699 2552 750 2597 A,
771 2551 908 2589 Muelz.

1232 2627 1305 2664 19*
