1630 2678
157 350 179 382 2

159 1624 180 1655 6

161 1926 180 1957 '2

207 173 262 217 78
797 166 835 204 C.
857 166 989 203 PLIM

205 282 285 325 bus
317 281 481 337 alioqui
513 280 713 324 dominus
746 282 789 323 et
820 293 991 334 saevus,
1025 280 1068 321 et
1100 277 1176 334 qui
1207 277 1392 322 servisse
1422 279 1593 336 patrem

206 358 331 386 suum
374 357 547 399 parum,
584 341 719 384 immo
760 339 946 383 nimium
988 338 1270 383 meminisset.
1341 338 1594 384 Lavabatur

206 404 251 447 in
291 403 396 446 villa
436 401 684 446 Formiana:
725 403 903 458 repente
950 415 1050 443 eum
1089 399 1203 444 servi
1244 399 1592 456 circumsistunt3

204 464 315 507 alius
346 463 491 507 fauces
522 461 707 518 invadit,
738 462 849 505 alius
882 476 931 505 os
963 461 1181 518 verberat,
1212 461 1324 505 alius
1356 463 1511 519 pectus
1549 464 1595 506 et

205 527 397 568 ventrem
429 527 558 579 atque
589 523 740 579 etiam,
757 522 935 566 foedum
967 522 1097 579 dictu,
1124 521 1312 566 verenda
1343 523 1594 580 contundit3
1619 535 1630 563 ε

205 588 265 641 et,
308 600 405 629 cum
443 585 685 629 exanimem
729 586 950 640 putarent,
988 583 1184 627 abiciunt
1223 583 1271 627 in
1307 583 1480 629 fervens
1517 598 1593 641 pa-

203 646 460 701 vimentum,
491 648 540 689 ut
571 645 882 701 experirentur,
913 660 969 688 an
1000 645 1175 688 viveret.
1239 642 1334 702 Ille,
1364 644 1458 690 sive
1489 645 1594 703 quia

203 721 291 750 non
332 706 563 762 sentiebat,
604 707 695 749 sive
740 707 844 761 quia
886 720 976 749 non
1021 706 1180 749 sentire
1227 705 1483 763 simulabat,
1528 706 1593 751 in-

203 766 376 810 mobilis
421 770 464 810 et
507 769 707 811 extentus
751 767 883 810 fidem
933 769 1133 823 peractae
1180 767 1336 811 mortis
1379 767 1592 826 implevit.

203 827 314 871 Tum
359 828 533 871 demum
577 827 702 884 quasi
746 830 869 871 aestu
912 828 1081 872 solutus
1126 828 1322 886 effertur;
1367 828 1630 887 excipiunt:

204 889 315 932 servi
364 888 601 945 fideliores,
644 889 910 933 concubinae
953 904 1051 933 cum
1101 889 1275 934 ululatu
1318 891 1363 934 et
1402 889 1594 934 clamore

204 952 476 993 concurrunt.
540 948 608 993 Ita
638 952 682 993 et
712 950 893 994 vocibus
925 951 1137 994 excitatus
1170 953 1215 994 et
1244 952 1464 996 recreatus
1503 951 1594 996 loci

203 1010 364 1068 frigore
415 1010 597 1054 sublatis
643 1011 781 1055 oculis
825 1011 1078 1069 agitatoque
1123 1026 1307 1071 corpore
1356 1012 1504 1057 vivere
1547 1027 1594 1057 se

204 1071 267 1129 (et
322 1071 407 1114 iam
463 1074 608 1115 tutum
664 1070 775 1130 erat)
833 1073 1105 1123 confitetur.¹
1150 1072 1405 1132 Diffugiunt
1459 1073 1593 1132 servi3

203 1147 388 1188 quorum
432 1147 591 1190 magna
633 1148 734 1189 pars
779 1133 1092 1190 comprehensa
1142 1136 1226 1191 est,
1276 1134 1409 1179 ceteri
1451 1134 1630 1192 requi-¹

203 1195 367 1236 runtur.
429 1192 528 1250 Ipse
569 1194 719 1250 paucis
761 1194 912 1238 diebus
954 1210 1082 1254 aegre
1122 1195 1329 1240 focilatus
1370 1211 1462 1241 11011
1499 1197 1594 1241 sine

203 1253 382 1297 ultionis
415 1254 579 1298 solacio
613 1254 796 1299 decessit
827 1255 890 1298 ita
920 1256 1046 1300 vivus
1078 1256 1344 1314 vindicatus,
1375 1259 1427 1301 ut
1457 1257 1593 1302 occisi

204 1314 355 1358 solent.
419 1313 566 1372 Vides,
599 1318 707 1371 quot
746 1316 966 1372 periculis,
998 1320 1107 1374 quot
1147 1317 1447 1376 contumeliis,
1484 1321 1594 1376 quot

203 1375 402 1419 ludibriis
428 1376 562 1419 simus
590 1377 787 1434 obnoxii;
819 1392 900 1421 nec
925 1380 1009 1435 est,
1041 1379 1159 1434 quod
1186 1379 1421 1437 quisquam
1451 1379 1595 1437 possit

205 1450 297 1479 esse
343 1451 536 1494 securuS‚
578 1438 681 1493 quia
721 1438 779 1481 sit
818 1439 1023 1483 remissus
1065 1442 1109 1483 et
1148 1441 1291 1497 mitis3
1339 1455 1432 1485 non
1474 1440 1591 1485 enim
1615 1451 1630 1479 ¹

205 1496 365 1539 iudicio
403 1497 584 1554 domini,
624 1498 698 1542 sed
737 1499 897 1543 scelere
934 1501 1218 1557 perimuntur.
1282 1500 1448 1547 Verum
1485 1501 1594 1546 haec

205 1557 423 1600 hactenus.

304 1616 416 1668 Quid
448 1622 669 1674 praeterea
699 1620 833 1663 novi?
871 1621 1006 1677 quid?
1037 1623 1167 1680 nihil3
1204 1622 1372 1681 alioqui
1412 1622 1594 1668 subiun-

207 1691 372 1735 gerem:
403 1694 504 1721 nam
536 1682 579 1722 et
610 1681 758 1724 charta
789 1681 931 1726 adhuc
962 1687 1177 1741 superest,
1210 1687 1255 1728 et
1286 1684 1378 1728 dies
1410 1684 1593 1729 feriatus

206 1738 372 1794 patitur
414 1740 541 1795 plura
583 1742 765 1784 contexi.
829 1742 1019 1800 Addam,
1070 1745 1189 1801 quod
1240 1747 1490 1803 opportune
1539 1745 1630 1790 dei

208 1798 358 1841 eodem
402 1799 635 1844 Macedone
679 1804 903 1848 succurrit.
967 1803 1075 1848 Cum
1116 1806 1163 1849 in
1202 1806 1381 1864 publico
1425 1805 1594 1852 Romae

206 1859 442 1916 lavaretur,
492 1862 698 1905 notabilis
755 1867 885 1919 atque
942 1866 1091 1922 etiam,
1141 1869 1192 1910 ut
1241 1867 1395 1913 exitus·
1430 1867 1593 1923 docuit,

209 1919 406 1962 ominosa
445 1936 513 1964 res
555 1922 722 1965 accidit.
796 1923 943 1980 Eques
984 1925 1210 1972 Romanus
1251 1944 1278 1972 a
1318 1943 1445 1973 servo
1487 1928 1595 1986 eius,

208 1982 258 2022 ut
306 1981 538 2024 transitum
594 1982 732 2039 daret,
788 2000 919 2028 manu
974 1987 1130 2031 leviter
1184 1989 1435 2034 admonitus
1492 2004 1594 2034 con-

208 2040 340 2083 vertit
380 2056 426 2084 se
466 2057 545 2086 nec
583 2058 772 2100 servum,
813 2061 838 2087 a
879 2061 965 2102 quo
1008 2051 1100 2091 erat
1130 2052 1291 2106 tactus,
1333 2049 1410 2095 sed
1446 2050 1630 2108 ipsum&

208 2099 489 2145 Macedonem
533 2106 622 2146 tam
665 2105 856 2161 graviter
895 2108 1041 2162 palma
1080 2112 1320 2168 percussit,
1361 2113 1414 2155 ut
1454 2126 1594 2169 paene

159 2169 182 2202 8
209 2162 465 2205 concideret.
527 2162 595 2207 Ita
632 2165 850 2209 balineum
889 2167 954 2210 illi
993 2171 1117 2224 quasi
1154 2186 1233 2228 per
1270 2171 1432 2230 gradus
1465 2187 1594 2230 quos-

208 2221 307 2265 dam
357 2223 546 2278 primum
597 2227 883 2270 contumeliae
932 2228 1073 2286 locus,
1125 2232 1280 2276 deinde
1330 2233 1453 2277 exitii
1496 2233 1592 2277 fuit.

209 2281 329 2326 Vale.

303 2431 327 2464 8
363 2438 441 2463 non
478 2428 677 2473 ΕΓνςα,
716 2441 755 2466 se
793 2442 870 2467 non
906 2433 983 2469 rell.
1134 2439 1178 2472 31
1218 2436 1349 2483 palma
1387 2438 1592 2485 RFpra,

205 2475 335 2523 palam
362 2477 414 2513 M
420 2476 473 2521 D,
498 2476 703 2523 palamque
731 2479 770 2515 V.
1451 2520 1455 2525 .
