1716 2742
145 314 167 346 8

125 1063 170 1097 10

163 2216 182 2248 1

194 125 286 171 232
804 122 842 159 e.
870 121 1008 158 PLINI

196 254 281 296 que
303 238 362 282 sit
389 237 592 282 ordinare
615 239 782 281 statum
803 236 1045 280 liberarum
1067 236 1313 281 civitatum.
1359 235 1478 281 Nam
1513 236 1621 293 quid

196 300 475 345 ordinatione
519 299 716 355 civilius,
764 298 871 356 quid
912 299 1121 342 libertate
1163 298 1436 356 pretiosius?
1480 298 1621 344 Porro

196 378 330 421 quam
364 364 512 419 turpe,
553 361 590 406 si
630 361 853 405 ordinatio
895 361 1144 418 eversione,
1182 361 1367 406 libertas
1407 361 1622 406 servitute

195 425 411 469 mutetur!
445 423 652 479 Accedit,
680 424 801 481 quod
821 423 908 468 tibi
928 426 1154 468 certamen
1174 426 1248 468 est'
1262 426 1431 468 tecum:
1466 426 1622 468 onerat

194 491 239 532 te
274 488 538 544 quaesturae
577 488 680 530 tuae
712 486 851 542 fama,
892 496 1026 543 quam
1059 501 1115 530 ex
1148 486 1366 545 Bithynia
1405 487 1623 544 optimam
1651 500 1667 528 5

194 549 424 606 revexisti,
458 551 614 593 onerat
639 548 949 594 testimonium
976 549 1214 607 principis,
1247 551 1402 593 onerat
1427 549 1625 594 tribuna-

196 615 287 669 tus,
330 613 540 670 praetura
572 614 706 669 atque
739 612 849 656 haec
882 612 982 669 ipsa
1013 612 1180 670 legatio
1215 612 1344 669 quasi
1376 612 1626 670 praemium

197 675 311 718 data.
379 673 476 726 Quo
511 674 654 733 magis
688 674 923 718 nitendum
957 677 1041 731 est,
1075 690 1131 718 ne
1164 675 1212 718 in
1243 674 1494 733 longinqua
1525 689 1628 732 pro-

196 738 345 781 vincia
366 751 499 794 quam
521 737 793 794 suburbana,
814 753 871 781 ne
891 737 1009 781 inter
1029 737 1271 781 servientes
1293 752 1429 795 quam
1448 737 1627 794 liberos,

195 815 251 843 ne
286 802 405 844 sorte
441 813 575 856 quam
609 799 775 844 iudicio
810 801 994 857 missus,
1032 815 1089 843 ne
1121 799 1246 844 rudis
1286 802 1330 844 et
1369 799 1626 858 incognitus
1656 813 1692 840 ιο

198 877 332 920 quarn
354 862 611 919 exploratus
632 862 938 920 probatusque
958 862 1217 919 humanior,
1243 862 1423 921 meh'or,
1443 861 1631 921 peritior

197 925 334 970 fuisse
351 924 563 982 videaris,
589 940 691 969 cum
710 925 768 969 sit
784 925 973 982 alioqui,
998 928 1050 969 ut
1067 941 1197 983 saepe
1214 925 1398 981 audisti,
1423 940 1554 983 saepe
1569 924 1630 969 le—

198 987 317 1047 gisti,
329 988 474 1031 multo
492 987 736 1032 deformius
754 989 959 1032 amittere
977 1003 1112 1045 quam
1128 1003 1221 1032 non
1237 987 1423 1045 adsequi
1437 987 1629 1032 laudem.

292 1049 417 1094 Haec
449 1050 585 1094 velim
620 1051 793 1107 credas,
827 1051 948 1108 quod
981 1051 1112 1095 initio
1147 1050 1259 1108 dixi,
1292 1050 1525 1109 scripsisse
1561 1066 1631 1094 me

198 1113 535 1170 admonentem,
554 1128 647 1157 non
673 1085 1043 1171 praecipientem3
1064 1128 1338 1171 quamquam
1358 1112 1695 1172 praecipien-15

198 1179 291 1220 tem
324 1190 514 1246 quoque.
581 1175 758 1234 Quippe
783 1191 876 1220 non
902 1191 1076 1234 vereor,
1109 1176 1158 1220 in
1184 1191 1336 1220 amore
1362 1191 1418 1220 ne
1447 1175 1633 1220 modum

199 1239 474 1284 excesserim.
527 1238 688 1296 Neque
722 1239 840 1283 enim
867 1238 1116 1296 periculum
1145 1242 1231 1296 est,
1262 1254 1319 1283 ne
1346 1239 1406 1283 sit
1430 1238 1634 1295 nimium,

201 1301 322 1360 quod
356 1317 451 1347 esse
485 1302 731 1345 maximum
766 1301 908 1346 debet.
974 1300 1098 1346 Vale.

461 1591 510 1642 C.
553 1591 738 1642 PLINI
780 1591 1044 1642 CAECILI
1086 1591 1378 1642 SECUNDI

419 1715 1420 1786 EPISTULARUM
1663 1754 1699 1781 ω

699 1852 1140 1899 LIBERNONUS.

910 2017 1365 2104 IozsttoMc-fmsan
1307 2018 1450 2060 adfice
1475 2006 1656 2083 djaosssf

1312 2077 1680 2123 ‘naa-‘molbach

581 2134 623 2168 C.
644 2135 850 2169 PLINIUS
877 2135 1083 2168 MAXIMO
1112 2134 1208 2168 SUO
1237 2133 1276 2168 S.

307 2204 448 2263 Saepe
481 2208 526 2249 te
559 2205 734 2261 monui,
766 2208 816 2248 ut
848 2205 1010 2263 libros,
1044 2219 1156 2262 quos
1191 2205 1262 2248 vel
1295 2218 1376 2262 pro
1411 2205 1455 2247 te
1488 2202 1560 2247 vel
1593 2203 1640 2246 in

212 2268 438 2325 Plantam,
471 2268 610 2311 immo
645 2271 690 2311 et
715 2283 797 2324 pro
825 2270 869 2311 te
897 2271 942 2311 et
968 2268 1015 2311 in
1042 2268 1171 2311 illum
1199 2266 1283 2315 (ita
1309 2265 1427 2310 enim
1456 2266 1642 2310 materia
1667 2279 1704 2308 2⁵

147 2343 150 2346 ’
213 2329 422 2389 cogebat)
477 2330 791 2387 composuisti,
849 2346 983 2387 quam
1043 2329 1345 2374 maturissime
1404 2328 1642 2384 emitteres,

215 2393 335 2451 quod
367 2407 487 2437 nunc
525 2392 762 2450 praecipue
803 2395 946 2436 morte
987 2393 1081 2437 eius
1121 2391 1274 2436 audita
1316 2393 1360 2434 et
1401 2389 1560 2435 hortor
1599 2394 1643 2435 et

317 2507 363 2539 10
390 2503 491 2539 forte
519 2503 570 2539 M
577 2515 607 2540 r.
713 2507 759 2539 24
781 2504 897 2550 prius
923 2504 962 2539 te
990 2515 1060 2540 om.
1085 2504 1144 2540 M.
