<?xml version="1.0" encoding="UTF-8"?>
<!DOCTYPE html PUBLIC "-//W3C//DTD XHTML 1.0 Transitional//EN"
    "http://www.w3.org/TR/xhtml1/DTD/xhtml1-transitional.dtd">
<html xmlns="http://www.w3.org/1999/xhtml" xml:lang="en" lang="en">
 <head>
  <title>
</title>
<meta http-equiv="Content-Type" content="text/html;charset=utf-8" />
  <meta name='ocr-system' content='tesseract 3.04.00' />
  <meta name='ocr-capabilities' content='ocr_page ocr_carea ocr_par ocr_line ocrx_word'/>
</head>
<body>
  <div class='ocr_page' id='page_1' title='image "./epistularumlibr00plin_0329.png"; bbox 0 0 1716 2742; ppageno 0'>
   <div class='ocr_carea' id='block_1_1' title="bbox 543 119 1558 168">
    <p class='ocr_par' dir='ltr' id='par_1_1' title="bbox 543 119 1558 168">
     <span class='ocr_line' id='line_1_1' title="bbox 543 119 1558 168; baseline 0.011 -11"><span class='ocrx_word' id='word_1_1' title='bbox 543 119 906 158; x_wconf 79' lang='lat' dir='ltr'>EPISTULARUM</span> <span class='ocrx_word' id='word_1_2' title='bbox 935 124 1143 158; x_wconf 88' lang='lat'>104—110.</span> <span class='ocrx_word' id='word_1_3' title='bbox 1467 123 1558 168; x_wconf 88' lang='lat'><strong>313</strong></span> 
     </span>
    </p>
   </div>
   <div class='ocr_carea' id='block_1_2' title="bbox 88 235 1608 737">
    <p class='ocr_par' dir='ltr' id='par_1_2' title="bbox 130 235 1608 484">
     <span class='ocr_line' id='line_1_2' title="bbox 132 235 1560 294; baseline 0 -14"><span class='ocrx_word' id='word_1_4' title='bbox 132 235 333 280; x_wconf 76' lang='lat' dir='ltr'>tionibus</span> <span class='ocrx_word' id='word_1_5' title='bbox 365 236 439 280; x_wconf 80' lang='lat' dir='ltr'><strong>vel</strong></span> <span class='ocrx_word' id='word_1_6' title='bbox 470 252 524 280; x_wconf 87' lang='lat' dir='ltr'><strong>ex</strong></span> <span class='ocrx_word' id='word_1_7' title='bbox 557 237 891 282; x_wconf 70' lang='lat' dir='ltr'><strong>venditionibus</strong></span> <span class='ocrx_word' id='word_1_8' title='bbox 924 237 1083 282; x_wconf 81' lang='lat' dir='ltr'><strong>aliisve</strong></span> <span class='ocrx_word' id='word_1_9' title='bbox 1121 236 1266 282; x_wconf 86' lang='lat' dir='ltr'><strong>causis</strong></span> <span class='ocrx_word' id='word_1_10' title='bbox 1300 236 1560 294; x_wconf 73' lang='lat' dir='ltr'><strong>debeantur,</strong></span> 
     </span>
     <span class='ocr_line' id='line_1_3' title="bbox 132 298 1560 360; baseline 0 -17"><span class='ocrx_word' id='word_1_11' title='bbox 132 313 266 358; x_wconf 87' lang='lat' dir='ltr'><strong>rogo,</strong></span> <span class='ocrx_word' id='word_1_12' title='bbox 297 298 495 357; x_wconf 89' lang='lat' dir='ltr'><strong>domine,</strong></span> <span class='ocrx_word' id='word_1_13' title='bbox 527 300 758 344; x_wconf 82' lang='lat' dir='ltr'><strong>rescribas.</strong></span> <span class='ocrx_word' id='word_1_14' title='bbox 823 299 924 360; x_wconf 84' lang='lat' dir='ltr'><strong>Ego</strong></span> <span class='ocrx_word' id='word_1_15' title='bbox 957 300 1109 345; x_wconf 80' lang='lat' dir='ltr'><strong>inveni</strong></span> <span class='ocrx_word' id='word_1_16' title='bbox 1141 316 1168 344; x_wconf 90' lang='lat' dir='ltr'><strong>a</strong></span> <span class='ocrx_word' id='word_1_17' title='bbox 1198 300 1425 358; x_wconf 88' lang='lat' dir='ltr'><strong>plerisque</strong></span> <span class='ocrx_word' id='word_1_18' title='bbox 1457 315 1560 358; x_wconf 93' lang='lat' dir='ltr'><strong>pro-</strong></span> 
     </span>
     <span class='ocr_line' id='line_1_4' title="bbox 133 361 1560 421; baseline 0.001 -16"><span class='ocrx_word' id='word_1_19' title='bbox 133 361 393 406; x_wconf 80' lang='lat' dir='ltr'><strong>consulibus</strong></span> <span class='ocrx_word' id='word_1_20' title='bbox 414 377 671 407; x_wconf 81' lang='lat' dir='ltr'><strong>concessam</strong></span> <span class='ocrx_word' id='word_1_21' title='bbox 692 363 748 406; x_wconf 86' lang='lat' dir='ltr'><strong>iis</strong></span> <span class='ocrx_word' id='word_1_22' title='bbox 769 363 1110 421; x_wconf 78' lang='lat' dir='ltr'><strong>protopraxian,</strong></span> <span class='ocrx_word' id='word_1_23' title='bbox 1144 378 1332 421; x_wconf 89' lang='lat' dir='ltr'><strong>eamque</strong></span> <span class='ocrx_word' id='word_1_24' title='bbox 1355 378 1437 420; x_wconf 93' lang='lat' dir='ltr'><strong>pro</strong></span> <span class='ocrx_word' id='word_1_25' title='bbox 1458 363 1560 421; x_wconf 86' lang='lat' dir='ltr'><strong>lege</strong></span> 
     </span>
     <span class='ocr_line' id='line_1_5' title="bbox 130 423 1608 484; baseline 0.001 -16"><span class='ocrx_word' id='word_1_26' title='bbox 130 423 336 469; x_wconf 82' lang='lat' dir='ltr'><strong>valuisse.</strong></span> <span class='ocrx_word' id='word_1_27' title='bbox 401 424 626 470; x_wconf 75' lang='lat' dir='ltr'><strong>Existimo</strong></span> <span class='ocrx_word' id='word_1_28' title='bbox 666 428 817 470; x_wconf 89' lang='lat' dir='ltr'><strong>tamen</strong></span> <span class='ocrx_word' id='word_1_29' title='bbox 855 428 934 470; x_wconf 90' lang='lat' dir='ltr'><strong>tua</strong></span> <span class='ocrx_word' id='word_1_30' title='bbox 966 426 1250 484; x_wconf 84' lang='lat' dir='ltr'><strong>providentia</strong></span> <span class='ocrx_word' id='word_1_31' title='bbox 1287 425 1559 470; x_wconf 88' lang='lat' dir='ltr'><strong>constituen-</strong></span> <span class='ocrx_word' id='word_1_32' title='bbox 1587 437 1608 470; x_wconf 83' lang='lat'><strong>2</strong></span> 
     </span>
    </p>

    <p class='ocr_par' dir='ltr' id='par_1_3' title="bbox 88 485 1562 737">
     <span class='ocr_line' id='line_1_6' title="bbox 88 485 1560 547; baseline 0.001 -16"><span class='ocrx_word' id='word_1_33' title='bbox 88 496 107 526; x_wconf 70' lang='grc' dir='ltr'><strong>δ</strong></span> <span class='ocrx_word' id='word_1_34' title='bbox 132 485 239 531; x_wconf 92' lang='lat' dir='ltr'><strong>dum</strong></span> <span class='ocrx_word' id='word_1_35' title='bbox 291 487 461 545; x_wconf 89' lang='lat' dir='ltr'><strong>aliquid</strong></span> <span class='ocrx_word' id='word_1_36' title='bbox 514 490 558 532; x_wconf 91' lang='lat' dir='ltr'><strong>et</strong></span> <span class='ocrx_word' id='word_1_37' title='bbox 610 489 916 546; x_wconf 90' lang='lat' dir='ltr'><strong>sanciendum,</strong></span> <span class='ocrx_word' id='word_1_38' title='bbox 974 504 1056 547; x_wconf 91' lang='lat' dir='ltr'><strong>per</strong></span> <span class='ocrx_word' id='word_1_39' title='bbox 1114 489 1234 547; x_wconf 92' lang='lat' dir='ltr'><strong>quod</strong></span> <span class='ocrx_word' id='word_1_40' title='bbox 1286 489 1560 533; x_wconf 81' lang='lat' dir='ltr'><strong>utilitatibus</strong></span> 
     </span>
     <span class='ocr_line' id='line_1_7' title="bbox 131 550 1560 610; baseline 0.001 -16"><span class='ocrx_word' id='word_1_41' title='bbox 131 563 288 594; x_wconf 88' lang='lat' dir='ltr'><strong>eorum</strong></span> <span class='ocrx_word' id='word_1_42' title='bbox 319 550 366 594; x_wconf 91' lang='lat' dir='ltr'><strong>in</strong></span> <span class='ocrx_word' id='word_1_43' title='bbox 398 554 665 609; x_wconf 89' lang='lat' dir='ltr'><strong>perpetuum</strong></span> <span class='ocrx_word' id='word_1_44' title='bbox 699 552 969 596; x_wconf 80' lang='lat' dir='ltr'><strong>consulatur.</strong></span> <span class='ocrx_word' id='word_1_45' title='bbox 1033 551 1171 610; x_wconf 89' lang='lat' dir='ltr'><strong>Nam,</strong></span> <span class='ocrx_word' id='word_1_46' title='bbox 1214 567 1327 609; x_wconf 90' lang='lat' dir='ltr'><strong>quae</strong></span> <span class='ocrx_word' id='word_1_47' title='bbox 1367 553 1472 595; x_wconf 91' lang='lat' dir='ltr'><strong>sunt</strong></span> <span class='ocrx_word' id='word_1_48' title='bbox 1504 551 1560 595; x_wconf 88' lang='lat' dir='ltr'><strong>ab</strong></span> 
     </span>
     <span class='ocr_line' id='line_1_8' title="bbox 130 613 1562 672; baseline 0.001 -15"><span class='ocrx_word' id='word_1_49' title='bbox 130 613 222 657; x_wconf 87' lang='lat' dir='ltr'><strong>illis</strong></span> <span class='ocrx_word' id='word_1_50' title='bbox 248 613 473 671; x_wconf 85' lang='lat' dir='ltr'><strong>instituta,</strong></span> <span class='ocrx_word' id='word_1_51' title='bbox 507 614 599 658; x_wconf 89' lang='lat' dir='ltr'><strong>sint</strong></span> <span class='ocrx_word' id='word_1_52' title='bbox 623 615 730 659; x_wconf 91' lang='lat' dir='ltr'><strong>licet</strong></span> <span class='ocrx_word' id='word_1_53' title='bbox 757 615 981 672; x_wconf 87' lang='lat' dir='ltr'><strong>sapienter</strong></span> <span class='ocrx_word' id='word_1_54' title='bbox 1006 614 1199 672; x_wconf 88' lang='lat' dir='ltr'><strong>indulta,</strong></span> <span class='ocrx_word' id='word_1_55' title='bbox 1233 614 1385 659; x_wconf 84' lang='lat' dir='ltr'><strong>brevia</strong></span> <span class='ocrx_word' id='word_1_56' title='bbox 1410 617 1562 659; x_wconf 87' lang='lat' dir='ltr'><strong>tamen</strong></span> 
     </span>
     <span class='ocr_line' id='line_1_9' title="bbox 131 675 1446 737; baseline 0.002 -18"><span class='ocrx_word' id='word_1_57' title='bbox 131 677 177 720; x_wconf 88' lang='lat' dir='ltr'><strong>et</strong></span> <span class='ocrx_word' id='word_1_58' title='bbox 209 675 388 720; x_wconf 85' lang='lat' dir='ltr'><strong>infirma</strong></span> <span class='ocrx_word' id='word_1_59' title='bbox 420 679 543 734; x_wconf 91' lang='lat' dir='ltr'><strong>sunt,</strong></span> <span class='ocrx_word' id='word_1_60' title='bbox 577 677 664 722; x_wconf 89' lang='lat' dir='ltr'><strong>nisi</strong></span> <span class='ocrx_word' id='word_1_61' title='bbox 698 677 788 722; x_wconf 86' lang='lat' dir='ltr'><strong>illis</strong></span> <span class='ocrx_word' id='word_1_62' title='bbox 822 681 901 722; x_wconf 88' lang='lat' dir='ltr'><strong>tua</strong></span> <span class='ocrx_word' id='word_1_63' title='bbox 933 678 1157 737; x_wconf 87' lang='lat' dir='ltr'><strong>contingit</strong></span> <span class='ocrx_word' id='word_1_64' title='bbox 1190 677 1446 722; x_wconf 85' lang='lat' dir='ltr'><strong>auctoritas.</strong></span> 
     </span>
    </p>
   </div>
   <div class='ocr_carea' id='block_1_3' title="bbox 68 817 1089 943">
    <p class='ocr_par' dir='ltr' id='par_1_4' title="bbox 68 817 1089 943">
     <span class='ocr_line' id='line_1_10' title="bbox 714 817 975 872; baseline 0.004 -14"><span class='ocrx_word' id='word_1_65' title='bbox 714 818 817 859; x_wconf 77' lang='lat' dir='ltr'>CIX.</span> <span class='ocrx_word' id='word_1_66' title='bbox 854 817 975 872; x_wconf 67' lang='lat' dir='ltr'><strong>[cx]</strong></span> 
     </span>
     <span class='ocr_line' id='line_1_11' title="bbox 68 908 1089 943; baseline 0.002 -3"><span class='ocrx_word' id='word_1_67' title='bbox 68 911 106 940; x_wconf 80' lang='lat'><strong>1⁰</strong></span> <span class='ocrx_word' id='word_1_68' title='bbox 614 908 870 942; x_wconf 84' lang='lat' dir='ltr'>TRAIANUS</span> <span class='ocrx_word' id='word_1_69' title='bbox 897 908 1089 943; x_wconf 89' lang='lat' dir='ltr'>PLINIO.</span> 
     </span>
    </p>
   </div>
   <div class='ocr_carea' id='block_1_4' title="bbox 66 989 1561 1365">
    <p class='ocr_par' dir='ltr' id='par_1_5' title="bbox 127 989 1561 1239">
     <span class='ocr_line' id='line_1_12' title="bbox 224 989 1559 1049; baseline 0.001 -15"><span class='ocrx_word' id='word_1_70' title='bbox 224 989 324 1043; x_wconf 83' lang='lat' dir='ltr'><strong>Quo</strong></span> <span class='ocrx_word' id='word_1_71' title='bbox 363 989 460 1035; x_wconf 90' lang='lat' dir='ltr'><strong>iure</strong></span> <span class='ocrx_word' id='word_1_72' title='bbox 499 990 568 1034; x_wconf 90' lang='lat' dir='ltr'><strong>uti</strong></span> <span class='ocrx_word' id='word_1_73' title='bbox 610 990 802 1035; x_wconf 90' lang='lat' dir='ltr'><strong>debeant</strong></span> <span class='ocrx_word' id='word_1_74' title='bbox 834 990 1059 1049; x_wconf 84' lang='lat' dir='ltr'><strong>Bithynae</strong></span> <span class='ocrx_word' id='word_1_75' title='bbox 1100 992 1172 1036; x_wconf 85' lang='lat' dir='ltr'><strong>vel</strong></span> <span class='ocrx_word' id='word_1_76' title='bbox 1206 991 1420 1036; x_wconf 91' lang='lat' dir='ltr'><strong>Ponticae</strong></span> <span class='ocrx_word' id='word_1_77' title='bbox 1453 991 1559 1036; x_wconf 82' lang='lat' dir='ltr'><strong>civi-</strong></span> 
     </span>
     <span class='ocr_line' id='line_1_13' title="bbox 128 1053 1561 1113; baseline 0.001 -16"><span class='ocrx_word' id='word_1_78' title='bbox 128 1054 243 1098; x_wconf 83' lang='lat' dir='ltr'><strong>tates</strong></span> <span class='ocrx_word' id='word_1_79' title='bbox 275 1053 324 1097; x_wconf 85' lang='lat' dir='ltr'><strong>in</strong></span> <span class='ocrx_word' id='word_1_80' title='bbox 355 1053 411 1098; x_wconf 86' lang='lat' dir='ltr'><strong>iis</strong></span> <span class='ocrx_word' id='word_1_81' title='bbox 444 1053 664 1111; x_wconf 82' lang='lat' dir='ltr'><strong>pecuniis,</strong></span> <span class='ocrx_word' id='word_1_82' title='bbox 703 1070 817 1111; x_wconf 87' lang='lat' dir='ltr'><strong>quae</strong></span> <span class='ocrx_word' id='word_1_83' title='bbox 851 1070 906 1098; x_wconf 83' lang='lat' dir='ltr'><strong>ex</strong></span> <span class='ocrx_word' id='word_1_84' title='bbox 939 1069 1117 1112; x_wconf 88' lang='lat' dir='ltr'><strong>quaque</strong></span> <span class='ocrx_word' id='word_1_85' title='bbox 1151 1070 1285 1099; x_wconf 88' lang='lat' dir='ltr'><strong>causa</strong></span> <span class='ocrx_word' id='word_1_86' title='bbox 1316 1055 1382 1099; x_wconf 90' lang='lat' dir='ltr'><strong>rei</strong></span> <span class='ocrx_word' id='word_1_87' title='bbox 1414 1054 1561 1113; x_wconf 85' lang='lat' dir='ltr'><strong>publi-</strong></span> 
     </span>
     <span class='ocr_line' id='line_1_14' title="bbox 129 1115 1559 1176; baseline 0.001 -15"><span class='ocrx_word' id='word_1_88' title='bbox 129 1131 207 1161; x_wconf 85' lang='lat' dir='ltr'><strong>cae</strong></span> <span class='ocrx_word' id='word_1_89' title='bbox 227 1115 528 1174; x_wconf 89' lang='lat' dir='ltr'><strong>debebuntur,</strong></span> <span class='ocrx_word' id='word_1_90' title='bbox 562 1132 618 1160; x_wconf 87' lang='lat' dir='ltr'><strong>ex</strong></span> <span class='ocrx_word' id='word_1_91' title='bbox 642 1118 742 1176; x_wconf 87' lang='lat' dir='ltr'><strong>lege</strong></span> <span class='ocrx_word' id='word_1_92' title='bbox 770 1118 988 1174; x_wconf 90' lang='lat' dir='ltr'><strong>cuiusque</strong></span> <span class='ocrx_word' id='word_1_93' title='bbox 1015 1117 1459 1162; x_wconf 85' lang='lat' dir='ltr'><strong>animadvertendum</strong></span> <span class='ocrx_word' id='word_1_94' title='bbox 1479 1120 1559 1162; x_wconf 87' lang='lat' dir='ltr'><strong>est.</strong></span> 
     </span>
     <span class='ocr_line' id='line_1_15' title="bbox 127 1177 1559 1239; baseline 0.001 -15"><span class='ocrx_word' id='word_1_95' title='bbox 127 1177 266 1237; x_wconf 84' lang='lat' dir='ltr'><strong>Nam,</strong></span> <span class='ocrx_word' id='word_1_96' title='bbox 299 1179 393 1224; x_wconf 84' lang='lat' dir='ltr'><strong>sive</strong></span> <span class='ocrx_word' id='word_1_97' title='bbox 419 1179 589 1223; x_wconf 84' lang='lat' dir='ltr'><strong>habent</strong></span> <span class='ocrx_word' id='word_1_98' title='bbox 614 1180 921 1239; x_wconf 87' lang='lat' dir='ltr'><strong>privilegium,</strong></span> <span class='ocrx_word' id='word_1_99' title='bbox 956 1196 1045 1238; x_wconf 90' lang='lat' dir='ltr'><strong>quo</strong></span> <span class='ocrx_word' id='word_1_100' title='bbox 1080 1181 1237 1225; x_wconf 90' lang='lat' dir='ltr'><strong>ceteris</strong></span> <span class='ocrx_word' id='word_1_101' title='bbox 1266 1180 1559 1225; x_wconf 89' lang='lat' dir='ltr'><strong>creditoribus</strong></span> 
     </span>
    </p>

    <p class='ocr_par' dir='ltr' id='par_1_6' title="bbox 66 1243 1561 1365">
     <span class='ocr_line' id='line_1_16' title="bbox 66 1243 1561 1301; baseline 0.001 -15"><span class='ocrx_word' id='word_1_102' title='bbox 66 1250 105 1279; x_wconf 78' lang='lat'><strong>15</strong></span> <span class='ocrx_word' id='word_1_103' title='bbox 129 1245 479 1300; x_wconf 84' lang='lat' dir='ltr'><strong>anteponantur,</strong></span> <span class='ocrx_word' id='word_1_104' title='bbox 522 1243 866 1287; x_wconf 86' lang='lat' dir='ltr'><strong>custodiendum</strong></span> <span class='ocrx_word' id='word_1_105' title='bbox 906 1248 991 1301; x_wconf 89' lang='lat' dir='ltr'><strong>est,</strong></span> <span class='ocrx_word' id='word_1_106' title='bbox 1035 1243 1128 1287; x_wconf 85' lang='lat' dir='ltr'><strong>sive</strong></span> <span class='ocrx_word' id='word_1_107' title='bbox 1160 1259 1254 1287; x_wconf 91' lang='lat' dir='ltr'><strong>non</strong></span> <span class='ocrx_word' id='word_1_108' title='bbox 1285 1243 1470 1301; x_wconf 85' lang='lat' dir='ltr'><strong>habent,</strong></span> <span class='ocrx_word' id='word_1_109' title='bbox 1512 1243 1561 1287; x_wconf 90' lang='lat' dir='ltr'><strong>in</strong></span> 
     </span>
     <span class='ocr_line' id='line_1_17' title="bbox 126 1305 1414 1365; baseline 0.002 -16"><span class='ocrx_word' id='word_1_110' title='bbox 126 1305 339 1350; x_wconf 86' lang='lat' dir='ltr'><strong>iniuriam</strong></span> <span class='ocrx_word' id='word_1_111' title='bbox 370 1306 651 1364; x_wconf 85' lang='lat' dir='ltr'><strong>privatorum</strong></span> <span class='ocrx_word' id='word_1_112' title='bbox 683 1306 729 1350; x_wconf 87' lang='lat' dir='ltr'><strong>id</strong></span> <span class='ocrx_word' id='word_1_113' title='bbox 762 1306 858 1350; x_wconf 90' lang='lat' dir='ltr'><strong>dari</strong></span> <span class='ocrx_word' id='word_1_114' title='bbox 891 1322 917 1350; x_wconf 92' lang='lat' dir='ltr'><strong>a</strong></span> <span class='ocrx_word' id='word_1_115' title='bbox 948 1322 1019 1350; x_wconf 91' lang='lat' dir='ltr'><strong>me</strong></span> <span class='ocrx_word' id='word_1_116' title='bbox 1052 1322 1144 1351; x_wconf 93' lang='lat' dir='ltr'><strong>non</strong></span> <span class='ocrx_word' id='word_1_117' title='bbox 1177 1307 1414 1365; x_wconf 86' lang='lat' dir='ltr'><strong>oportebit.</strong></span> 
     </span>
    </p>
   </div>
   <div class='ocr_carea' id='block_1_5' title="bbox 404 1446 1289 1572">
    <p class='ocr_par' dir='ltr' id='par_1_7' title="bbox 404 1446 1289 1572">
     <span class='ocr_line' id='line_1_18' title="bbox 718 1446 978 1501; baseline 0 -13"><span class='ocrx_word' id='word_1_118' title='bbox 718 1447 799 1488; x_wconf 79' lang='lat' dir='ltr'><strong>cx.</strong></span> <span class='ocrx_word' id='word_1_119' title='bbox 835 1446 978 1501; x_wconf 65' lang='lat' dir='ltr'><strong>[cxi]</strong></span> 
     </span>
     <span class='ocr_line' id='line_1_19' title="bbox 404 1537 1289 1572; baseline 0 0"><span class='ocrx_word' id='word_1_120' title='bbox 404 1537 447 1572; x_wconf 86' lang='lat' dir='ltr'><strong>C.</strong></span> <span class='ocrx_word' id='word_1_121' title='bbox 468 1537 675 1572; x_wconf 84' lang='lat' dir='ltr'>PLINIUS</span> <span class='ocrx_word' id='word_1_122' title='bbox 704 1537 927 1572; x_wconf 87' lang='lat' dir='ltr'>TRAIANO</span> <span class='ocrx_word' id='word_1_123' title='bbox 955 1537 1289 1572; x_wconf 86' lang='lat' dir='ltr'>IMPERATORI.</span> 
     </span>
    </p>
   </div>
   <div class='ocr_carea' id='block_1_6' title="bbox 63 1619 1611 2371">
    <p class='ocr_par' dir='ltr' id='par_1_8' title="bbox 63 1619 1611 2371">
     <span class='ocr_line' id='line_1_20' title="bbox 221 1619 1608 1679; baseline -0.001 -13"><span class='ocrx_word' id='word_1_124' title='bbox 221 1620 435 1678; x_wconf 82' lang='lat' dir='ltr'><strong>Ecdicus,</strong></span> <span class='ocrx_word' id='word_1_125' title='bbox 457 1621 656 1677; x_wconf 92' lang='lat' dir='ltr'><strong>domine,</strong></span> <span class='ocrx_word' id='word_1_126' title='bbox 677 1619 995 1665; x_wconf 89' lang='lat' dir='ltr'><strong>Amisenorum</strong></span> <span class='ocrx_word' id='word_1_127' title='bbox 1016 1620 1211 1665; x_wconf 82' lang='lat' dir='ltr'><strong>civitatis</strong></span> <span class='ocrx_word' id='word_1_128' title='bbox 1233 1620 1414 1679; x_wconf 87' lang='lat' dir='ltr'><strong>petebat</strong></span> <span class='ocrx_word' id='word_1_129' title='bbox 1441 1619 1559 1678; x_wconf 90' lang='lat' dir='ltr'><strong>apud</strong></span> <span class='ocrx_word' id='word_1_130' title='bbox 1588 1632 1608 1665; x_wconf 90' lang='lat'><strong>1</strong></span> 
     </span>
     <span class='ocr_line' id='line_1_21' title="bbox 64 1682 1561 1742; baseline -0.003 -11"><span class='ocrx_word' id='word_1_131' title='bbox 64 1705 102 1732; x_wconf 62' lang='grc' dir='ltr'><strong>πο</strong></span> <span class='ocrx_word' id='word_1_132' title='bbox 126 1699 198 1728; x_wconf 89' lang='lat' dir='ltr'><strong>me</strong></span> <span class='ocrx_word' id='word_1_133' title='bbox 250 1700 277 1728; x_wconf 87' lang='lat' dir='ltr'><strong>a</strong></span> <span class='ocrx_word' id='word_1_134' title='bbox 319 1682 436 1728; x_wconf 90' lang='lat' dir='ltr'><strong>Iulio</strong></span> <span class='ocrx_word' id='word_1_135' title='bbox 482 1682 647 1728; x_wconf 91' lang='lat' dir='ltr'><strong>Pisone</strong></span> <span class='ocrx_word' id='word_1_136' title='bbox 699 1683 984 1727; x_wconf 89' lang='lat' dir='ltr'><strong>denariorum</strong></span> <span class='ocrx_word' id='word_1_137' title='bbox 1036 1683 1214 1728; x_wconf 89' lang='lat' dir='ltr'><strong>circiter</strong></span> <span class='ocrx_word' id='word_1_138' title='bbox 1264 1683 1561 1742; x_wconf 87' lang='lat' dir='ltr'><strong>quadraginta</strong></span> 
     </span>
     <span class='ocr_line' id='line_1_22' title="bbox 126 1746 1561 1805; baseline -0.001 -14"><span class='ocrx_word' id='word_1_139' title='bbox 126 1746 253 1791; x_wconf 84' lang='lat' dir='ltr'><strong>milia</strong></span> <span class='ocrx_word' id='word_1_140' title='bbox 298 1747 463 1791; x_wconf 90' lang='lat' dir='ltr'><strong>donata</strong></span> <span class='ocrx_word' id='word_1_141' title='bbox 509 1747 551 1791; x_wconf 94' lang='lat' dir='ltr'><strong>ei</strong></span> <span class='ocrx_word' id='word_1_142' title='bbox 595 1747 774 1804; x_wconf 90' lang='lat' dir='ltr'><strong>publice</strong></span> <span class='ocrx_word' id='word_1_143' title='bbox 820 1749 923 1790; x_wconf 91' lang='lat' dir='ltr'><strong>ante</strong></span> <span class='ocrx_word' id='word_1_144' title='bbox 967 1746 1131 1805; x_wconf 83' lang='lat' dir='ltr'><strong>viginti</strong></span> <span class='ocrx_word' id='word_1_145' title='bbox 1178 1761 1318 1791; x_wconf 91' lang='lat' dir='ltr'><strong>annos</strong></span> <span class='ocrx_word' id='word_1_146' title='bbox 1364 1746 1468 1791; x_wconf 87' lang='lat' dir='ltr'><strong>bule</strong></span> <span class='ocrx_word' id='word_1_147' title='bbox 1515 1748 1561 1790; x_wconf 87' lang='lat' dir='ltr'><strong>et</strong></span> 
     </span>
     <span class='ocr_line' id='line_1_23' title="bbox 127 1809 1559 1867; baseline -0.001 -13"><span class='ocrx_word' id='word_1_148' title='bbox 127 1809 316 1855; x_wconf 90' lang='lat' dir='ltr'><strong>ecclesia</strong></span> <span class='ocrx_word' id='word_1_149' title='bbox 343 1811 652 1855; x_wconf 85' lang='lat' dir='ltr'><strong>consentiente</strong></span> <span class='ocrx_word' id='word_1_150' title='bbox 678 1809 976 1867; x_wconf 87' lang='lat' dir='ltr'><strong>utebaturque</strong></span> <span class='ocrx_word' id='word_1_151' title='bbox 1004 1809 1226 1853; x_wconf 87' lang='lat' dir='ltr'><strong>mandatis</strong></span> <span class='ocrx_word' id='word_1_152' title='bbox 1252 1809 1362 1867; x_wconf 86' lang='lat' dir='ltr'><strong>tuis,</strong></span> <span class='ocrx_word' id='word_1_153' title='bbox 1396 1809 1559 1866; x_wconf 90' lang='lat' dir='ltr'><strong>quibus</strong></span> 
     </span>
     <span class='ocr_line' id='line_1_24' title="bbox 127 1871 1607 1930; baseline -0.001 -13"><span class='ocrx_word' id='word_1_154' title='bbox 127 1873 223 1917; x_wconf 87' lang='lat' dir='ltr'><strong>eius</strong></span> <span class='ocrx_word' id='word_1_155' title='bbox 250 1872 374 1917; x_wconf 91' lang='lat' dir='ltr'><strong>modi</strong></span> <span class='ocrx_word' id='word_1_156' title='bbox 400 1873 666 1917; x_wconf 88' lang='lat' dir='ltr'><strong>donationes</strong></span> <span class='ocrx_word' id='word_1_157' title='bbox 694 1875 913 1916; x_wconf 88' lang='lat' dir='ltr'><strong>vetantur.</strong></span> <span class='ocrx_word' id='word_1_158' title='bbox 980 1871 1085 1917; x_wconf 88' lang='lat' dir='ltr'><strong>Piso</strong></span> <span class='ocrx_word' id='word_1_159' title='bbox 1114 1875 1271 1917; x_wconf 88' lang='lat' dir='ltr'><strong>contra</strong></span> <span class='ocrx_word' id='word_1_160' title='bbox 1298 1873 1494 1930; x_wconf 87' lang='lat' dir='ltr'><strong>plurima</strong></span> <span class='ocrx_word' id='word_1_161' title='bbox 1513 1887 1560 1916; x_wconf 92' lang='lat' dir='ltr'><strong>se</strong></span> <span class='ocrx_word' id='word_1_162' title='bbox 1585 1883 1607 1916; x_wconf 81' lang='lat'><strong>2</strong></span> 
     </span>
     <span class='ocr_line' id='line_1_25' title="bbox 126 1935 1611 1994; baseline 0 -15"><span class='ocrx_word' id='word_1_163' title='bbox 126 1935 174 1979; x_wconf 90' lang='lat' dir='ltr'><strong>in</strong></span> <span class='ocrx_word' id='word_1_164' title='bbox 205 1951 301 1980; x_wconf 91' lang='lat' dir='ltr'><strong>rem</strong></span> <span class='ocrx_word' id='word_1_165' title='bbox 340 1936 568 1994; x_wconf 86' lang='lat' dir='ltr'><strong>publicam</strong></span> <span class='ocrx_word' id='word_1_166' title='bbox 608 1935 851 1980; x_wconf 90' lang='lat' dir='ltr'><strong>contulisse</strong></span> <span class='ocrx_word' id='word_1_167' title='bbox 892 1950 944 1980; x_wconf 91' lang='lat' dir='ltr'><strong>ac</strong></span> <span class='ocrx_word' id='word_1_168' title='bbox 982 1951 1124 1994; x_wconf 91' lang='lat' dir='ltr'><strong>prope</strong></span> <span class='ocrx_word' id='word_1_169' title='bbox 1163 1938 1281 1979; x_wconf 88' lang='lat' dir='ltr'><strong>totas</strong></span> <span class='ocrx_word' id='word_1_170' title='bbox 1321 1935 1559 1979; x_wconf 88' lang='lat' dir='ltr'><strong>facultates</strong></span> <span class='ocrx_word' id='word_1_171' title='bbox 1608 1956 1611 1957; x_wconf 42' lang='lat'><em>⁷</em></span> 
     </span>
     <span class='ocr_line' id='line_1_26' title="bbox 63 1998 1560 2058; baseline -0.001 -15"><span class='ocrx_word' id='word_1_172' title='bbox 63 2019 101 2047; x_wconf 79' lang='lat'><strong>25</strong></span> <span class='ocrx_word' id='word_1_173' title='bbox 128 2014 337 2058; x_wconf 88' lang='lat' dir='ltr'><strong>erogasse</strong></span> <span class='ocrx_word' id='word_1_174' title='bbox 390 1999 579 2044; x_wconf 72' lang='lat' dir='ltr'><strong>dicebat</strong></span> <span class='ocrx_word' id='word_1_175' title='bbox 645 1998 856 2042; x_wconf 88' lang='lat' dir='ltr'><strong>Addebat</strong></span> <span class='ocrx_word' id='word_1_176' title='bbox 907 1998 1042 2042; x_wconf 90' lang='lat' dir='ltr'><strong>etiam</strong></span> <span class='ocrx_word' id='word_1_177' title='bbox 1093 1998 1310 2056; x_wconf 90' lang='lat' dir='ltr'><strong>temporis</strong></span> <span class='ocrx_word' id='word_1_178' title='bbox 1364 1998 1560 2056; x_wconf 85' lang='lat' dir='ltr'><strong>spatium</strong></span> 
     </span>
     <span class='ocr_line' id='line_1_27' title="bbox 126 2061 1561 2120; baseline 0 -14"><span class='ocrx_word' id='word_1_179' title='bbox 126 2062 495 2120; x_wconf 89' lang='lat' dir='ltr'><strong>postulabatque,</strong></span> <span class='ocrx_word' id='word_1_180' title='bbox 529 2077 585 2106; x_wconf 91' lang='lat' dir='ltr'><strong>ne</strong></span> <span class='ocrx_word' id='word_1_181' title='bbox 611 2062 675 2117; x_wconf 86' lang='lat' dir='ltr'><strong>id,</strong></span> <span class='ocrx_word' id='word_1_182' title='bbox 711 2061 831 2119; x_wconf 89' lang='lat' dir='ltr'><strong>quod</strong></span> <span class='ocrx_word' id='word_1_183' title='bbox 858 2076 940 2119; x_wconf 91' lang='lat' dir='ltr'><strong>pro</strong></span> <span class='ocrx_word' id='word_1_184' title='bbox 968 2062 1122 2106; x_wconf 90' lang='lat' dir='ltr'><strong>multis</strong></span> <span class='ocrx_word' id='word_1_185' title='bbox 1156 2064 1201 2105; x_wconf 90' lang='lat' dir='ltr'><strong>et</strong></span> <span class='ocrx_word' id='word_1_186' title='bbox 1229 2061 1338 2105; x_wconf 92' lang='lat' dir='ltr'><strong>olim</strong></span> <span class='ocrx_word' id='word_1_187' title='bbox 1365 2061 1561 2119; x_wconf 90' lang='lat' dir='ltr'><strong>accepis-</strong></span> 
     </span>
     <span class='ocr_line' id='line_1_28' title="bbox 126 2123 1560 2183; baseline -0.001 -13"><span class='ocrx_word' id='word_1_188' title='bbox 126 2126 212 2182; x_wconf 89' lang='lat' dir='ltr'><strong>set,</strong></span> <span class='ocrx_word' id='word_1_189' title='bbox 245 2140 347 2170; x_wconf 92' lang='lat' dir='ltr'><strong>cum</strong></span> <span class='ocrx_word' id='word_1_190' title='bbox 381 2125 612 2169; x_wconf 86' lang='lat' dir='ltr'><strong>eversione</strong></span> <span class='ocrx_word' id='word_1_191' title='bbox 645 2125 843 2182; x_wconf 89' lang='lat' dir='ltr'><strong>reliquae</strong></span> <span class='ocrx_word' id='word_1_192' title='bbox 884 2124 1118 2183; x_wconf 87' lang='lat' dir='ltr'><strong>dignitatis</strong></span> <span class='ocrx_word' id='word_1_193' title='bbox 1158 2123 1341 2168; x_wconf 89' lang='lat' dir='ltr'><strong>reddere</strong></span> <span class='ocrx_word' id='word_1_194' title='bbox 1381 2139 1560 2183; x_wconf 86' lang='lat' dir='ltr'><strong>cogere-</strong></span> 
     </span>
     <span class='ocr_line' id='line_1_29' title="bbox 125 2186 1559 2247; baseline -0.001 -15"><span class='ocrx_word' id='word_1_195' title='bbox 125 2189 211 2232; x_wconf 88' lang='lat' dir='ltr'><strong>tur.</strong></span> <span class='ocrx_word' id='word_1_196' title='bbox 276 2187 449 2241; x_wconf 82' lang='lat' dir='ltr'><strong>Quibus</strong></span> <span class='ocrx_word' id='word_1_197' title='bbox 483 2203 538 2232; x_wconf 82' lang='lat' dir='ltr'><strong>ex</strong></span> <span class='ocrx_word' id='word_1_198' title='bbox 571 2188 716 2232; x_wconf 90' lang='lat' dir='ltr'><strong>causis</strong></span> <span class='ocrx_word' id='word_1_199' title='bbox 756 2187 979 2246; x_wconf 88' lang='lat' dir='ltr'><strong>integram</strong></span> <span class='ocrx_word' id='word_1_200' title='bbox 1014 2187 1321 2247; x_wconf 88' lang='lat' dir='ltr'><strong>cognitionem</strong></span> <span class='ocrx_word' id='word_1_201' title='bbox 1355 2186 1559 2231; x_wconf 86' lang='lat' dir='ltr'><strong>differen-</strong></span> 
     </span>
     <span class='ocr_line' id='line_1_30' title="bbox 125 2249 1559 2308; baseline -0.001 -13"><span class='ocrx_word' id='word_1_202' title='bbox 125 2249 229 2295; x_wconf 89' lang='lat' dir='ltr'><strong>dam</strong></span> <span class='ocrx_word' id='word_1_203' title='bbox 262 2251 532 2308; x_wconf 85' lang='lat' dir='ltr'><strong>existimavi,</strong></span> <span class='ocrx_word' id='word_1_204' title='bbox 574 2253 626 2294; x_wconf 91' lang='lat' dir='ltr'><strong>ut</strong></span> <span class='ocrx_word' id='word_1_205' title='bbox 658 2253 724 2307; x_wconf 89' lang='lat' dir='ltr'><strong>te,</strong></span> <span class='ocrx_word' id='word_1_206' title='bbox 767 2250 966 2307; x_wconf 89' lang='lat' dir='ltr'><strong>domine,</strong></span> <span class='ocrx_word' id='word_1_207' title='bbox 1008 2251 1307 2307; x_wconf 87' lang='lat' dir='ltr'><strong>consulerem,</strong></span> <span class='ocrx_word' id='word_1_208' title='bbox 1351 2249 1460 2307; x_wconf 89' lang='lat' dir='ltr'><strong>quid</strong></span> <span class='ocrx_word' id='word_1_209' title='bbox 1494 2264 1559 2294; x_wconf 90' lang='lat' dir='ltr'><strong>se-</strong></span> 
     </span>
     <span class='ocr_line' id='line_1_31' title="bbox 63 2313 583 2371; baseline -0.01 -9"><span class='ocrx_word' id='word_1_210' title='bbox 63 2334 104 2362; x_wconf 76' lang='lat' dir='ltr'><strong>so</strong></span> <span class='ocrx_word' id='word_1_211' title='bbox 129 2313 357 2371; x_wconf 90' lang='lat' dir='ltr'><strong>quendum</strong></span> <span class='ocrx_word' id='word_1_212' title='bbox 389 2316 583 2371; x_wconf 84' lang='lat' dir='ltr'><strong>putares.</strong></span> 
     </span>
    </p>
   </div>
   <div class='ocr_carea' id='block_1_7' title="bbox 130 2402 430 2409">
    <p class='ocr_par' dir='ltr' id='par_1_9' title="bbox 130 2402 430 2409">
     <span class='ocr_line' id='line_1_32' title="bbox 130 2402 430 2409; baseline 0 0"><span class='ocrx_word' id='word_1_213' title='bbox 130 2402 430 2409; x_wconf 95' lang='lat' dir='ltr'><strong> </strong></span> 
     </span>
    </p>
   </div>
   <div class='ocr_carea' id='block_1_8' title="bbox 126 2460 1557 2559">
    <p class='ocr_par' dir='ltr' id='par_1_10' title="bbox 126 2460 1557 2559">
     <span class='ocr_line' id='line_1_33' title="bbox 227 2460 1557 2509; baseline -0.002 -9"><span class='ocrx_word' id='word_1_214' title='bbox 227 2466 248 2500; x_wconf 81' lang='lat'><strong>3</strong></span> <span class='ocrx_word' id='word_1_215' title='bbox 276 2463 325 2509; x_wconf 78' lang='lat' dir='ltr'><strong>cf.</strong></span> <span class='ocrx_word' id='word_1_216' title='bbox 350 2463 383 2501; x_wconf 81' lang='lat'><em>0</em></span> <span class='ocrx_word' id='word_1_217' title='bbox 390 2464 420 2500; x_wconf 95' lang='lat' dir='ltr'><strong><em>I</em></strong></span> <span class='ocrx_word' id='word_1_218' title='bbox 426 2462 474 2500; x_wconf 77' lang='lat' dir='ltr'><strong>G.</strong></span> <span class='ocrx_word' id='word_1_219' title='bbox 496 2465 608 2500; x_wconf 80' lang='lat'><em>4957.</em></span> <span class='ocrx_word' id='word_1_220' title='bbox 712 2465 735 2499; x_wconf 90' lang='grc'>8</span> <span class='ocrx_word' id='word_1_221' title='bbox 756 2461 963 2509; x_wconf 85' lang='lat' dir='ltr'><strong>contingat</strong></span> <span class='ocrx_word' id='word_1_222' title='bbox 983 2474 1019 2507; x_wconf 75' lang='grc' dir='ltr'><strong>α,</strong></span> <span class='ocrx_word' id='word_1_223' title='bbox 1043 2462 1125 2499; x_wconf 82' lang='lat' dir='ltr'><strong>Cat.</strong></span> <span class='ocrx_word' id='word_1_224' title='bbox 1222 2465 1269 2498; x_wconf 85' lang='lat'><strong>22</strong></span> <span class='ocrx_word' id='word_1_225' title='bbox 1291 2460 1557 2509; x_wconf 87' lang='lat' dir='ltr'><strong>utebaturque</strong></span> 
     </span>
     <span class='ocr_line' id='line_1_34' title="bbox 126 2512 1354 2559; baseline -0.002 -8"><span class='ocrx_word' id='word_1_226' title='bbox 126 2513 224 2559; x_wconf 69' lang='lat' dir='ltr'><strong>Cat„</strong></span> <span class='ocrx_word' id='word_1_227' title='bbox 251 2513 546 2559; x_wconf 86' lang='lat' dir='ltr'><strong>utebanturque</strong></span> <span class='ocrx_word' id='word_1_228' title='bbox 573 2513 627 2558; x_wconf 74' lang='lat' dir='ltr'><strong>A,</strong></span> <span class='ocrx_word' id='word_1_229' title='bbox 653 2512 934 2559; x_wconf 86' lang='lat' dir='ltr'><strong>nitebaturque</strong></span> <span class='ocrx_word' id='word_1_230' title='bbox 961 2512 1079 2550; x_wconf 76' lang='lat' dir='ltr'><strong>editio</strong></span> <span class='ocrx_word' id='word_1_231' title='bbox 1106 2513 1354 2550; x_wconf 78' lang='lat' dir='ltr'><strong>Basileensis.</strong></span> 
     </span>
    </p>
   </div>
  </div>
 </body>
</html>
