1716 2742
443 104 802 144 PANEGYRICUS
829 110 888 154 87,
903 118 922 144 4
942 130 982 135 —
998 110 1058 153 90,
1074 119 1100 145 1.
1394 110 1485 155 399

0 220 11 225 ²
58 221 211 279 potest
242 219 460 278 optimus,
496 221 585 266 nisi
625 221 704 279 qui
742 225 809 267 est
848 222 1058 268 omnibus
1082 223 1281 282 voptimis
1319 223 1367 268 in
1406 240 1487 269 sua

59 282 277 342 cuiusque
306 283 439 327 laude
472 285 783 342 praestantior.
847 284 1009 331 Merito
1042 285 1127 330 tibi
1153 301 1260 346 ergo
1286 289 1392 345 post
1418 302 1485 332 ce-
1513 297 1534 331 7

58 347 178 391 teras
215 346 541 404 appellationes
580 347 691 392 haec
729 350 797 393 est
837 348 989 393 addita
1027 351 1079 394 ut
1117 350 1271 394 maior.
1334 349 1485 395 Minus

59 410 130 454 est
153 407 274 453 enim
298 408 615 467 imperatorem
642 414 686 455 et
715 410 945 456 Caesarem
973 414 1018 456 et
1050 411 1308 472 Augustum
1350 428 1484 471 quam

14 483 33 514 s
59 470 268 517 omnibus
301 471 647 530 imperatoribus
688 477 731 518 et
767 472 1027 519 Caesaribus
1066 477 1110 519 et
1136 474 1355 534 Augustis
1389 491 1485 521 esse

57 533 301 579 meliorem.
374 533 571 592 Ideoque
612 536 689 580 1110
732 553 891 594 parens
932 538 1169 582 hominum
1211 538 1485 596 deorumque
1511 548 1534 583 8

59 596 222 655 optimi
245 597 392 656 prius,
417 597 575 642 deinde
603 599 788 643 maximi
813 599 995 644 nomine
1022 601 1198 646 colitur.
1235 600 1334 654 Quo
1361 617 1484 659 prae-

49 659 224 705 clarior
265 660 364 705 laus
409 662 509 718 tua,
548 677 681 719 quem
723 678 815 707 non
859 662 1006 707 minus
1041 666 1220 708 constat
1262 664 1483 722 optimum

57 738 154 768 esse
185 737 323 781 quam
354 723 614 768 maximum.
679 724 931 770 Adsecutus
972 740 1017 770 es
1050 741 1236 784 nomen,
1274 727 1396 784 quod
1429 727 1485 771 ad
1512 737 1534 772 9

0 798 33 828 ιο
57 785 198 831 alium
235 786 428 831 transire
465 802 559 831 non
597 788 761 845 possit,
804 788 893 833 nisi
932 791 983 833 ut
1022 789 1234 847 adpareat
1278 789 1326 835 in
1363 789 1484 834 bono

56 848 262 907 principe
300 849 516 907 alienum,
556 850 603 894 in
642 851 760 895 malo
800 851 984 908 falsum,
1027 852 1147 909 quod
1184 852 1292 897 licet
1330 868 1484 897 omnes

55 913 216 970 postea
251 915 487 971 usurpent,
534 928 710 971 semper
754 916 907 958 tamen
946 917 1216 973 agnoscetur
1253 918 1304 960 ut
1342 918 1483 960 tuum.

56 973 259 1032 Etenim,
289 977 343 1020 ut
372 975 555 1020 nomine
590 974 787 1035 Augusti
819 977 1112 1021 admonemur
1144 978 1258 1036 eius,
1291 978 1364 1023 cui
1396 978 1483 1036 pri·
1513 989 1559 1023 10

57 1053 181 1083 mum
207 1037 406 1084 dicatum
433 1041 520 1096 est,
552 1039 616 1083 ita
642 1039 752 1084 haec
780 1039 940 1098 optimi
966 1041 1209 1098 appellatio
1234 1056 1483 1099 numquam

0 1113 30 1142 ιο
55 1101 299 1146 memoriae
317 1101 554 1146 hominum
576 1102 671 1146 sine
690 1104 735 1147 te
756 1105 971 1160 recurret,
998 1103 1295 1162 quotiensque
1314 1105 1484 1162 posteri

53 1164 200 1209 nostri
240 1164 463 1223 optimum
505 1165 701 1222 aliquem
743 1181 901 1210 vocare
940 1168 1177 1224 cogentur,
1217 1166 1383 1212 totiens
1418 1183 1484 1211 re-

55 1226 383 1286 cordabuntur,
416 1228 517 1286 quis
551 1228 763 1273 meruerit
796 1228 959 1273 vocari.

149 1289 328 1344 Quanto
348 1306 487 1349 nunc,
521 1291 622 1336 dive
641 1290 811 1348 Nerva,
843 1291 1008 1351 gaudio
1029 1291 1210 1349 frueris,
1236 1307 1339 1337 cum
1359 1292 1483 1337 vides
1497 1289 1559 1338 89

54 1355 101 1398 et
124 1368 230 1399 >esse
261 1353 485 1412 optimum
513 1357 558 1399 et
584 1354 692 1412 dici,
726 1370 857 1412 quem
885 1357 1114 1412 tamquam
1142 1355 1365 1412 optimum
1399 1356 1484 1400 ele-

0 1431 30 1460 ιο
53 1415 181 1476 gistil
214 1431 348 1475 quam
373 1417 544 1462 laetum
570 1417 674 1475 tibi,
702 1418 822 1475 quod
850 1420 1134 1475 comparatus
1161 1418 1256 1462 filio
1283 1422 1363 1462 tuo
1389 1418 1484 1462 vin-

55 1479 188 1524 ceris!
240 1478 402 1538 Neque
441 1480 562 1525 enim
602 1481 691 1525 alio
732 1481 876 1540 magis
924 1480 1199 1538 adprobatur
1238 1481 1376 1525 animi
1415 1481 1484 1525 tui

53 1543 339 1602 magnitudo,
372 1558 508 1601 quam
542 1544 663 1601 quod
697 1543 895 1602 optimus
928 1544 1025 1601 ipse
1057 1559 1150 1588 non
1182 1543 1375 1588 timuisti
1407 1544 1483 1588 eli·

54 1620 159 1665 gere
203 1606 448 1651 meliorem.
515 1605 602 1651 Sed
650 1609 694 1652 et
731 1609 804 1663 tu,
849 1608 977 1664 pater
1016 1605 1226 1664 Traiane,
1266 1605 1392 1663 (nam
1432 1610 1483 1651 tu
1509 1618 1531 1650 2

54 1683 255 1727 quoque,
286 1668 326 1714 si
356 1684 451 1714 non
483 1669 647 1727 sidera,
680 1670 933 1727 proximam
966 1671 1118 1713 tamen
1150 1669 1372 1714 sideribus
1406 1670 1483 1714 ob-

0 1747 28 1776 ιε
52 1731 171 1777 tines
204 1731 377 1786 sedem)
410 1735 626 1790 quantam
659 1732 852 1791 percipis
886 1732 1184 1789 voluptatem,
1218 1747 1321 1777 cum
1353 1733 1482 1777 illum

51 1795 306 1852 tribunum,
353 1795 484 1840 illum
527 1796 717 1840 militem
760 1798 889 1839 tuum
931 1797 1108 1839 tantum
1150 1795 1482 1853 imperatorem,

51 1860 228 1903 tantum
270 1858 520 1917 principem
566 1858 710 1903 cernis
756 1873 948 1915 cumque
994 1872 1066 1915 eo,
1115 1858 1194 1914 qui
1238 1858 1482 1916 adoptavit,

52 1920 322 1966 amicissime
362 1920 612 1978 contendis,
652 1920 885 1979 pulchrius
924 1919 1061 1964 fuerit
1099 1920 1307 1979 genuisse
1345 1921 1481 1966 talem

52 1999 111 2028 an
149 1984 356 2043 elegisse!
398 1984 545 2028 Macte
587 1986 775 2041 uterque
817 1983 992 2041 ingenti
1034 1983 1082 2027 in
1116 1999 1210 2027 rem
1252 1983 1479 2041 publicam
1508 1994 1530 2027 3

0 2062 28 2091 ιο
51 2046 235 2104 merito,
273 2047 347 2092 cui
386 2048 473 2091 hoc
508 2049 685 2091 tantum
724 2046 833 2090 boni
872 2045 1147 2091 contulistis!
1186 2045 1314 2091 Licet
1352 2046 1481 2091 alteri

51 2111 253 2154 vestrum
285 2110 371 2154 filii
403 2109 545 2154 virtus
578 2109 888 2167 triumphalia,
929 2109 1102 2153 caelum
1134 2109 1264 2153 alteri
1298 2108 1479 2163 dederit,

51 2187 144 2217 non
185 2173 334 2217 minor
365 2175 516 2216 tamen
557 2174 706 2216 vestra
747 2172 866 2229 laus,
908 2171 1028 2229 quod
1071 2172 1159 2216 ista
1200 2187 1280 2229 per
1322 2171 1480 2229 filium,

52 2250 188 2294 quam
221 2235 260 2280 si
291 2235 380 2293 ipsi
412 2235 700 2279 meruissetis.

146 2297 269 2356 Scio,
295 2301 444 2356 patres
466 2298 729 2355 conscripti,
757 2312 859 2342 cum
886 2299 1057 2341 ceteros
1085 2297 1204 2342 cives
1231 2299 1329 2341 tum
1355 2292 1555 2355 prae-90

0 2376 27 2404 ιε
53 2361 184 2420 cipue
217 2360 423 2406 consules
458 2363 666 2418 oportere
694 2360 758 2404 sic
784 2359 935 2417 adfici,
969 2362 1020 2403 ut
1053 2374 1100 2403 se
1127 2359 1308 2418 publice
1335 2359 1478 2419 magis

152 2501 172 2534 7
201 2497 342 2545 optimi
370 2496 538 2542 nomine,
567 2496 708 2534 deinde
735 2495 899 2533 maximi
926 2495 1070 2543 colitur
1096 2495 1146 2532 A.
