1716 2742
397 156 403 158 ⁷
442 105 802 144 PANEerous
830 110 981 151 36‚4—
998 109 1100 152 as‚⁵.
1396 105 1484 152 351

55 226 108 268 ut
149 222 399 268 Romanam
442 221 670 266 civitatem
716 236 810 266 non
850 220 1087 266 vicesimae
1130 220 1290 277 modo,
1331 235 1487 264 verum

56 286 193 332 otiam
237 284 522 330 adfinitatum
565 284 727 328 damno
773 285 885 328 bene
932 284 1214 342 compensari
1258 285 1486 341 putarent3

57 349 135 395 sed
166 348 222 393 iis
254 347 450 392 maxime
483 346 672 391 debebat
705 347 902 406 gratuita
944 347 1227 406 contingere,
1259 362 1286 390 a
1324 345 1487 404 quibus

56 415 151 457 tam
181 425 347 470 magno
380 409 710 455 aestimabatur.
773 408 920 469 Igitur
945 413 1073 468 pater
1097 412 1202 454 tuus
1230 409 1399 466 sanxit,
1424 410 1490 465 ut,
1516 418 1537 451 6

14 490 32 520 5
59 473 181 534 quod
212 489 270 518 ex
300 473 457 518 matris
490 472 546 516 ad
578 472 761 529 liberos,
796 488 851 516 ex
882 472 1128 517 liberorum
1171 472 1302 517 bonis
1334 486 1488 530 perve-

56 537 200 582 nisset
229 536 287 581 ad
318 538 529 592 matrem,
561 535 738 579 etiamsi
765 535 1084 594 cognationum
1116 536 1215 580 iura
1246 550 1339 579 non
1371 549 1487 579 rece-

57 600 250 659 pissent,
281 613 385 644 cum
418 597 646 644 civitatem
691 597 1062 656 adipiscerentur,
1096 598 1190 643 eius
1229 597 1488 642 vicesimam

57 678 115 708 ne
159 662 327 707 darent.
404 660 605 706 Eandem
657 660 970 705 inmunitatem
1019 662 1067 705 in
1114 661 1312 719 paternis
1358 659 1488 704 bonis
1517 670 1537 703 7

57 726 155 771 filio
187 724 369 783 tribuit,
402 724 441 770 si
472 723 607 768 modo
640 723 851 768 reductus
892 727 1009 768 esset
1047 724 1094 768 in
1127 723 1267 782 patris
1294 725 1489 781 potesta-

0 804 34 834 ιο
58 791 173 847 tem,
204 789 329 832 ratus
361 786 565 846 improbe
604 788 648 830 et
686 786 932 831 insolenter
970 802 1022 831 ac
1060 802 1201 845 paene
1240 786 1378 844 impie
1416 786 1488 830 his

58 850 318 897 nominibus
349 849 488 894 inseri
519 848 830 907 publicanum,
856 865 939 894 nec
966 850 1061 893 sine
1087 849 1265 908 piaculo
1294 848 1489 907 quodam

59 913 364 960 sanctissimas
395 911 746 958 necessitudines
780 912 904 956 velut
943 912 1245 957 intercedente
1277 911 1490 956 vicesima

59 976 222 1034 scindi,
252 976 430 1021 nullum
462 974 580 1020 tanti
612 990 708 1019 esse
740 974 952 1034 vectigal,
979 975 1099 1033 quod
1130 975 1296 1019 liberos
1330 989 1382 1019 ac
1413 990 1489 1032 pa-

58 1042 208 1086 rentes
233 1039 401 1084 faceret
426 1041 674 1083 extraneos.
707 1036 937 1082 Hactenus
965 1038 1062 1095 ille,
1082 1038 1259 1096 parcius
1287 1031 1566 1095 fortasse,38

0 1117 35 1147 ιε
60 1118 197 1162 quam
223 1101 373 1147 decuit
399 1102 621 1160 optimum
642 1100 906 1159 principem,
928 1101 1006 1145 sed
1031 1116 1124 1145 non
1150 1100 1327 1159 parcius
1355 1115 1491 1158 quam

60 1165 284 1225 optimum
308 1167 506 1223 patrem,
533 1164 612 1222 qui
638 1163 933 1222 adoptaturus
966 1163 1053 1208 hoc
1084 1179 1264 1222 quoque
1291 1163 1489 1222 parentis

59 1227 443 1288 indulgentissimi
474 1227 602 1284 fecit,
636 1226 756 1284 quod
789 1227 1009 1271 delibasse
1044 1227 1261 1284 quaedam
1301 1242 1380 1270 seu
1412 1241 1490 1284 po·

59 1292 150 1336 tius
183 1291 513 1336 demonstrasse
545 1292 783 1335 contentus
816 1290 988 1349 largam
1022 1305 1074 1334 ac
1102 1305 1242 1347 prope
1275 1290 1490 1333 intactam

59 1355 174 1400 bone
210 1353 405 1399 faciendi
443 1353 676 1398 materiam
719 1352 814 1397 filio
854 1353 1110 1397 reservavit.
1176 1351 1338 1396 Statim
1382 1366 1489 1411 ergo
1517 1362 1539 1394 2

0 1432 36 1462 ιο
61 1417 237 1463 muneri
257 1417 353 1462 eius
372 1415 618 1461 liberalitas
638 1418 718 1460 tua
738 1415 971 1472 adstruxit,
991 1418 1055 1473 ut,
1077 1431 1210 1473 quem
1231 1415 1287 1459 ad
1306 1415 1491 1459 modum

60 1481 111 1526 in
146 1479 288 1539 patris
322 1479 462 1534 filius,
502 1479 568 1524 sic
607 1478 654 1522 in
692 1474 940 1522 hereditate
978 1478 1062 1522 filii
1101 1481 1231 1536 pater
1271 1480 1388 1522 esset
1426 1477 1491 1522 in-

60 1543 212 1588 munis
251 1557 336 1588 nec
373 1541 530 1587 eodem
569 1544 821 1598 momento,
862 1556 951 1598 quo
991 1544 1119 1599 pater
1158 1555 1252 1586 esse
1292 1540 1493 1598 desisset,

60 1606 149 1651 hoc
181 1621 362 1664 quoque
401 1606 645 1661 amitteret,
679 1604 800 1662 quod
831 1603 1001 1648 fuisset.
1067 1603 1284 1663 Egregie,
1319 1602 1492 1661 Caesar,
1518 1615 1540 1648 3

62 1669 185 1728 quod
224 1668 432 1714 lacrimas
474 1670 711 1726 parentum
761 1667 999 1726 vectigales
1043 1682 1138 1711 esse
1179 1682 1272 1711 non
1313 1666 1491 1724 pateris.

0 1745 36 1775 π
62 1731 193 1777 Bona
217 1731 301 1776 filii
327 1734 456 1790 pater
482 1731 578 1776 sine
605 1730 911 1775 deminutione
937 1729 1184 1788 possideat,
1210 1743 1293 1774 nec
1319 1729 1488 1774 socium

61 1794 324 1840 hereditatis
357 1794 568 1852 accipiat,
595 1794 673 1851 qui
704 1808 798 1837 non
822 1793 960 1837 habet
985 1793 1158 1850 luctus3
1183 1807 1316 1836 nemo
1343 1807 1492 1837 recen-

62 1861 155 1902 tem
198 1859 245 1902 et
282 1857 523 1902 attonitam
563 1857 803 1900 orbitatem
842 1855 898 1899 ad
938 1855 1319 1913 computationem
1361 1857 1493 1899 vocet

63 1923 286 1980 cogatque
317 1923 511 1979 patrem,
546 1919 653 1977 quid
686 1918 918 1975 reliquerit
949 1918 1089 1975 filius,
1130 1918 1254 1963 scire.
1318 1916 1493 1977 Augeo,
1518 1929 1541 1962 4

62 1986 212 2043 patres
245 1983 510 2042 conscripti,
543 1981 760 2040 principis
794 1996 977 2038 munus,
1019 1995 1122 2026 cum
1162 1980 1350 2026 ostendo
1382 1981 1492 2025 libe-

0 2061 38 2089 ω
62 2046 234 2091 ralitati
259 2046 355 2091 eius
381 2046 526 2091 inesse
552 2045 784 2089 rationem.
831 2042 1034 2088 Ambitio
1062 2044 1182 2088 em'm
1208 2046 1254 2088 et
1278 2043 1493 2088 iactantia

63 2111 109 2154 et
128 2108 286 2154 effusio
314 2111 359 2154 et
385 2108 561 2167 quidvis
588 2107 740 2165 potius
768 2122 903 2164 quam
928 2107 1174 2151 liberalitas
1196 2106 1493 2153 existimanda

63 2174 149 2229 est,
181 2172 256 2217 cui
286 2172 403 2216 ratio
435 2187 528 2216 non
571 2172 758 2214 constat.
829 2169 1030 2228 Dignum
1070 2185 1195 2229 ergo,
1235 2170 1494 2227 imperator,
1519 2181 1541 2214 5

66 2234 408 2280 mansuetudine
447 2237 526 2278 tua
567 2234 767 2277 minuere
792 2231 1013 2277 'orbitatis
1052 2233 1237 2277 iniurias
1276 2247 1359 2277 nec
1397 2233 1493 2291 pati

64 2313 335 2356 quemquam
369 2297 464 2342 filio
498 2296 662 2341 amisso
695 2295 879 2353 insuper
911 2295 1041 2339 adfici
1075 2295 1164 2340 alio
1199 2295 1363 2340 dolore.
1418 2294 1493 2340 Sic

164 2451 211 2485 16
239 2447 432 2495 optimum
459 2450 548 2482 ante
574 2445 836 2492 adoptaturus
863 2446 1040 2482 inserunt
1065 2445 1179 2493 vulyo
1206 2444 1376 2482 Gataneo
1402 2456 1492 2482 auc-

63 2502 152 2544 tore,
179 2497 339 2544 improb.
362 2497 534 2534 Schnelle
560 2500 596 2532 et
622 2495 759 2532 Muezl.
