1716 2736
197 111 288 157 356
811 105 850 144 C.
878 105 1015 144 PLINI

198 226 377 283 opertos
410 222 576 281 praeda
606 223 792 280 laqueos
826 222 1184 280 aemulabantur,
1211 237 1313 268 cum
1346 220 1534 281 privatis
1561 221 1624 267 fa·

198 287 442 332 cultatibus
488 286 612 330 velut
652 285 815 330 hausta
860 287 905 329 et
949 285 1251 343 multiplicata
1294 288 1414 330 retro
1460 299 1625 343 secum,

199 348 417 408 quidquid
452 348 716 407 attigerant,
747 347 995 392 referrent?

124 412 183 461 44
294 411 438 465 Quam
470 411 581 456 utile
615 414 683 456 est
715 411 770 455 ad
810 426 942 455 usum
983 410 1281 455 secundorum
1320 427 1400 469 per
1441 410 1627 456 adversa

199 475 391 521 venisse!
425 474 594 519 Vixisti
613 474 867 532 nobiscum,
887 473 1168 532 periclitatus
1189 489 1256 531 es,
1281 473 1492 532 timuisti,
1514 489 1627 532 quae
1653 491 1670 519 5

199 542 308 584 tunc
329 540 423 583 erat
442 538 751 582 innocentium
778 537 882 581 vita.
933 536 1029 582 Scis
1057 539 1101 581 et
1127 539 1354 609 expertus·
1365 553 1411 583 es
1419 571 1431 595 ,
1458 539 1626 596 quanto

201 618 335 660 opere
362 601 641 646 detestentur
666 601 809 645 malos
836 599 1081 658 principes,
1116 600 1251 644 etiam
1280 599 1358 658 qui
1389 600 1532 645 malos
1565 599 1629 644 fa-

201 666 336 710 ciunt.
379 663 646 721 Meministi,
674 679 788 722 quae
816 666 971 722 optare
997 663 1252 734 nobiscum,
1281 677 1394 721 quae
1421 663 1482 708 sis
1504 662 1631 722 queri

151 740 172 772 2
202 728 373 774 solitus
428 726 522 771 Iam
550 726 727 785 privato
754 726 922 771 iudicio
952 726 1201 784 principem
1228 726 1366 785 geris,
1397 726 1630 771 meliorem

202 792 342 836 immo
375 793 419 834 te
452 793 673 847 praestas,
706 805 841 847 quam
873 789 958 834 tibi
991 789 1129 833 alium
1163 789 1413 847 precabare.
1472 787 1631 847 Itaque
1658 806 1694 834 ιο

204 856 269 900 sic
295 853 456 898 imbuti
484 869 655 911 sumus,
688 856 758 909 ut,
794 852 956 910 quibus
984 855 1078 897 erat
1105 867 1280 897 summa
1305 855 1514 897 votorum
1542 867 1632 896 me-

203 918 291 962 lior
322 917 518 975 pessimo
546 916 776 974 princeps,
809 916 898 959 iam
925 931 1018 960 non
1043 914 1269 974 possimus
1295 915 1384 961 nisi
1411 915 1633 973 optimum

156 991 177 1024 3
204 981 331 1026 ferre.
396 978 542 1024 Nemo
583 981 651 1023 est
690 994 796 1038 ergo
836 981 930 1023 tam
969 978 1056 1035 tui,
1098 981 1190 1023 tam
1230 979 1413 1036 ignarus
1453 978 1557 1036 sui,
1583 980 1635 1022 ut

205 1045 356 1088 locum
384 1042 522 1088 istum
550 1044 655 1100 post
679 1045 724 1086 te
752 1041 1052 1100 concupiscat.
1117 1040 1314 1086 Facilius
1342 1044 1428 1100 est,
1460 1044 1513 1086 ut
1538 1055 1634 1087 esse

158 1117 181 1150 4
208 1107 370 1164 aliquis
392 1121 623 1150 successor
649 1108 754 1150 tuus
781 1105 944 1163 possit,
972 1120 1106 1163 quam
1133 1107 1185 1149 ut
1210 1105 1330 1149 velit.
1379 1103 1488 1158 Quis
1516 1103 1636 1149 enim
1662 1120 1697 1149 15

208 1185 340 1216 curae
372 1171 476 1214 tuae
509 1169 675 1213 molem
709 1170 869 1226 sponte
903 1167 1090 1213 subeat?
1134 1168 1234 1226 quis
1268 1167 1521 1226 comparari
1551 1166 1637 1212 tibi

208 1249 301 1278 non
326 1231 618 1276 reformidet?
675 1231 901 1290 Expertus
930 1234 975 1275 et
1005 1231 1102 1289 ipse
1130 1246 1194 1286 οε,
1229 1246 1364 1289 quam
1396 1230 1456 1275 sit
1481 1245 1637 1276 onero-

210 1312 308 1342 sum
336 1295 573 1340 succedere
599 1295 718 1339 bono
740 1294 952 1353 principi,
979 1297 1024 1338 et
1050 1294 1278 1339 adferebas
1305 1293 1638 1339 excusationem

161 1369 181 1403 5
210 1358 423 1417 adoptati.
489 1357 563 1402 An
605 1374 744 1416 parva
786 1372 1018 1416 pronaque
1065 1359 1171 1402 sunt
1211 1357 1267 1402 ad
1309 1357 1640 1414 aemulandum,

213 1423 332 1480 quod
359 1437 491 1466 nemo
519 1420 878 1466 incolumitatem
903 1420 1184 1479 turpitudine
1210 1419 1446 1479 rependit?
1505 1419 1640 1465 Salva
1666 1437 1703 1464 20

212 1488 280 1531 est
301 1485 509 1530 omnibus
531 1483 625 1528 vita
652 1487 696 1528 et
724 1483 918 1543 dignitas
940 1483 1079 1541 vitae,
1104 1498 1188 1528 nec
1213 1483 1303 1528 iam
1332 1482 1639 1528 consideratus

162 1560 183 1592 6
212 1564 263 1594 ac
283 1548 478 1606 sapiens,
514 1547 591 1605 qui
611 1549 804 1592 aetatem
824 1547 870 1591 in
892 1546 1088 1592 tenebris
1110 1546 1215 1606 agit.
1281 1546 1450 1591 Eadem
1472 1546 1640 1605 quippe

213 1612 295 1657 sub
328 1611 532 1669 principe
565 1610 811 1655 virtutibus
843 1609 1043 1668 praemia
1077 1625 1191 1667 quae
1224 1610 1272 1654 in
1297 1610 1526 1666 libertate,
1558 1624 1642 1654 nec

211 1676 324 1720 bene
357 1674 488 1719 factis
521 1675 698 1718 tantum
733 1689 788 1718 ex
820 1673 1095 1718 conscientia
1127 1688 1307 1718 merces.
1366 1671 1504 1718 Amas
1538 1687 1642 1718 con-

213 1737 422 1784 stantiam
460 1736 625 1781 civium
667 1739 711 1781 et
749 1739 920 1781 erectos
961 1752 1012 1781 ac
1044 1736 1219 1781 vividos
1260 1736 1434 1781 animos
1467 1751 1560 1780 non
1591 1737 1643 1780 ut
1668 1750 1705 1780 2⁶

166 1814 185 1847 7
214 1802 291 1846 alii
325 1799 564 1846 contundis
599 1815 649 1844 ac
683 1799 914 1858 deprimis,
949 1799 1026 1844 sed
1055 1799 1182 1844 foves
1215 1801 1260 1844 et
1293 1799 1475 1844 attollis.
1536 1797 1643 1844 Pro-

214 1864 312 1910 dest
338 1864 481 1908 bonos
504 1878 617 1921 esse,
646 1878 747 1908 cum
776 1863 835 1907 sit
862 1862 970 1908 satis
998 1861 1282 1920 abundeque,
1309 1862 1348 1907 si
1373 1877 1467 1907 non
1492 1864 1644 1919 nocet3

213 1928 284 1972 his
323 1928 536 1983 honores,
578 1926 649 1971 his
691 1925 958 1984 sacerdotia,
1000 1925 1071 1970 his
1111 1924 1366 1983 provincias
1406 1925 1557 1983 offers,
1595 1896 1645 1969 hi

214 1990 413 2036 amicitia
445 1992 541 2047 tua,
572 1989 621 2033 hi
653 1989 819 2034 iudicio
853 1989 1028 2033 florent.
1070 1987 1309 2033 Acuuntur
1340 1989 1429 2034 isto
1463 1987 1646 2048 integri-

317 2106 338 2138 2
351 2106 440 2149 post
453 2100 561 2138 velut
575 2101 665 2138 add.
682 2100 858 2138 fautores
870 2101 1012 2138 Baehr.
1025 2123 1073 2127 -
1086 2100 1230 2137 hausta
1243 2101 1357 2148 vuly„
1370 2100 1489 2137 aucta
1500 2100 1645 2145 Livin„

216 2153 374 2197 Baehr„
401 2152 540 2189 Muell.
563 2150 837 2199 —implicata
864 2151 1052 2189 Schwarz.
1081 2163 1099 2188 e
1126 2151 1205 2188 eod.
1226 2151 1375 2196 Veneto,
1403 2149 1647 2198 amplificata

220 2203 372 2241 Gruter.
502 2205 522 2238 9
557 2201 638 2238 iam
665 2202 816 2247 Madv„
846 2202 996 2248 Muell.,
1029 2213 1134 2238 nunc
1167 2202 1311 2247 Livin„
1344 2212 1438 2238 nam
1469 2200 1569 2248 vulq.
1597 2222 1647 2226 —

216 2253 363 2301 privati
389 2253 511 2300 Lips„
539 2253 682 2290 Baehr.
788 2251 860 2289 10*
881 2263 1000 2299 quam
1022 2253 1094 2298 (sic
1113 2253 1232 2300 vulg.)
1260 2252 1317 2289 vel
1344 2262 1460 2299 quem
1486 2251 1545 2288 vel
1571 2261 1647 2297 que

218 2304 338 2350 codd„
358 2304 469 2341 velim
494 2314 612 2350 quam
635 2301 866 2352 (qualem).
946 2306 992 2338 19
1015 2302 1226 2350 adoptanti
1247 2302 1356 2339 Keili
1374 2302 1424 2347 A,
1445 2300 1647 2346 Schwarz„

218 2355 306 2400 fort.
327 2358 434 2391 recte.
558 2357 605 2390 20
635 2353 827 2400 rependit,
859 2352 966 2390 salva
994 2375 1039 2380 ——
1067 2355 1119 2390 22
1146 2352 1255 2400 agit?
1284 2352 1335 2390 K.
1351 2352 1411 2389 II.
1534 2355 1580 2388 22
1609 2352 1649 2388 et

221 2417 300 2451 sap.
315 2405 363 2441 A.
442 2402 516 2440 25*
536 2404 576 2441 et
591 2404 740 2441 erectos
756 2415 833 2452 eqo,
856 2404 895 2440 et
908 2404 1036 2440 rectos
1050 2405 1082 2440 A
1093 2404 1155 2450 W,
1170 2403 1310 2441 Baehfr.
1325 2414 1363 2450 p.
1375 2401 1547 2448 XXIII,
1566 2412 1648 2438 rec-

220 2456 359 2502 tosque
373 2459 454 2491 cett.
467 2454 586 2499 codd„
599 2455 827 2501 erectosque
843 2454 1030 2500 Wassius,
1046 2454 1193 2502 Stanyl,
1205 2453 1254 2499 cf.
1266 2465 1294 2490 e.
1307 2464 1338 2490 c.
1350 2463 1405 2499 ep.
1419 2452 1498 2489 III
1502 2454 1538 2498 5,
1550 2454 1584 2489 5.
1601 2474 1648 2479 —

220 2505 368 2542 vividos
383 2513 417 2551 ς,
438 2504 592 2541 invidos
611 2506 649 2541 B
662 2505 694 2542 Ο
707 2505 800 2543 VM
804 2506 826 2551 ‘,
842 2504 1008 2541 mundos
1031 2504 1063 2542 0
1078 2505 1137 2542 W.
1216 2507 1262 2540 27
1283 2515 1317 2540 v.
1330 2502 1527 2548 Hofacker
1535 2514 1575 2550 p.
1589 2505 1648 2539 58.
