1716 2736
8 823 46 850 1⁰

12 1137 49 1165 15

21 1767 58 1796 25

446 114 804 167 PAnsercus
832 132 892 173 45,
908 137 924 163 5
939 150 984 155 -
1000 131 1103 175 48,1.
1395 127 1485 174 359

63 261 165 290 rum
196 247 265 290 est
297 244 435 303 queri.
502 242 608 302 Sed,
648 259 750 289 cum
788 243 852 288 ita
885 245 1196 301 comparatum
1236 242 1305 300 sit,
1345 244 1396 286 ut
1435 241 1488 286 de
1517 251 1537 284 7

64 309 192 354 1111Πο
218 308 367 353 minus
397 308 600 366 principe
628 310 872 365 querantur
898 306 1123 364 homines,
1157 321 1291 363 quam
1318 305 1372 349 de
1400 319 1489 363 quo

66 371 260 417 maxime
290 371 417 428 licet,
449 373 529 415 tuo
563 371 611 414 in
643 371 820 415 saeculo
853 370 968 414 nihil
1002 373 1088 427 est,
1124 385 1212 427 quo
1239 384 1332 413 non
1359 383 1491 413 omne

65 434 302 480 hominum
329 448 471 493 genus
498 434 690 478 laetetur
718 436 762 477 et
788 433 991 492 gaudeat.
1025 432 1143 477 Boni
1169 431 1492 490 provehuntur,
1519 440 1541 474 8

67 497 195 555 mali,
215 497 294 555 qui
313 498 382 541 est
400 497 801 553 tranquillissimus
824 498 967 540 status
989 495 1203 553 civitatis,
1229 510 1312 540 nec
1331 494 1494 539 timent

66 575 150 605 nec
175 559 403 604 timentur.
448 558 677 603 Vitiorum
703 558 1025 616 paenitentiam
1052 561 1279 616 expectas,
1304 557 1494 602 mederis

68 622 313 680 erroribus,
351 621 429 667 sed
455 621 820 679 implorantibus,
856 622 1170 696 omnibusque,
1206 636 1318 679 quos
1351 621 1494 665 bonos

68 685 198 743 facis,
229 685 347 730 113110
380 685 574 729 adstruis
606 684 804 742 laudem,
838 700 893 728 ne
927 685 1125 744 coiigisse
1157 684 1361 728 videaris.

165 747 314 802 Quid?
345 748 505 806 vitam,
539 747 678 805 quid?
711 762 856 791 mores
891 748 1137 792 iuventutis
1168 762 1302 805 quam
1334 746 1498 804 princi·
1512 740 1571 790 47

69 811 231 870 paliter
255 811 442 856 formas!
477 826 610 868 quem
637 811 854 855 honorem
883 810 1059 855 dicendi
1085 810 1330 870 magistris,
1365 825 1499 867 quam

71 874 378 934 dignationem
423 873 668 944 sapientiae
711 873 969 918 doctoribus
1011 874 1166 918 habes!
1219 876 1270 917 ut
1322 873 1403 918 sub
1455 875 1500 916 te

73 937 281 996 spiritum
322 939 367 982 et
406 937 671 996 sanguinem
712 939 757 981 et
794 937 986 993 patriam
1026 939 1292 994 receperunt
1334 934 1500 980 studia!

73 1016 188 1058 quae
231 1000 434 1058 priorum
478 1003 733 1070 temporum
779 999 1035 1043 immanitas
1083 999 1227 1044 exiliis
1273 996 1503 1070 puniebat,

74 1078 178 1109 cum
209 1062 297 1108 sibi
328 1063 543 1107 vitiorum
578 1062 779 1106 omnium
813 1062 1019 1107 conscius
1053 1062 1261 1121 princeps
1299 1062 1503 1106 inimicas

74 1125 198 1171 vitiis
231 1128 349 1170 artes
381 1141 475 1170 non
508 1125 611 1170 odio
647 1125 789 1185 magis
825 1140 959 1182 quam
992 1125 1242 1170 reverentia
1273 1126 1503 1185 relegaret

74 1187 139 1234 At
162 1192 215 1234 tu
240 1188 417 1233 easdem
444 1191 560 1233 artes
588 1188 635 1232 in
662 1189 919 1246 complexu,
952 1188 1114 1245 oculis,
1146 1188 1328 1234 auribus
1354 1188 1503 1233 habes.
1531 1197 1552 1230 2

75 1251 283 1296 Praestas
310 1252 452 1308 enim,
483 1266 790 1308 quaecumque
811 1251 1113 1309 praecipiunt,
1145 1254 1410 1309 tantumque
1431 1266 1503 1295 eas

76 1314 250 1374 diligis,
282 1317 501 1373 quantum
535 1314 591 1358 ab
618 1314 709 1358 illis
735 1314 951 1371 probaris.
994 1313 1068 1358 An
1095 1314 1332 1372 quisquam
1360 1313 1509 1358 studia
1534 1323 1556 1356 3

76 1377 372 1422 humanitatis
407 1377 636 1436 professus
669 1392 762 1421 non
795 1393 897 1422 cum
931 1377 1083 1421 omnia
1114 1380 1194 1421 tua
1225 1380 1322 1421 tum
1356 1377 1429 1422 vel
1461 1377 1509 1420 in

78 1440 236 1499 primis
268 1441 477 1485 laudibus
504 1440 620 1484 ferat
652 1439 976 1485 admissionum
1009 1443 1189 1484 tuarum
1215 1438 1510 1485 facilitatem?

79 1502 248 1563 Magno
277 1503 456 1561 quidem
490 1503 640 1547 animo
674 1518 833 1561 parens
867 1506 971 1547 tuus
1004 1503 1121 1548 hanc
1148 1506 1251 1548 ante
1276 1518 1357 1548 vos
1390 1502 1509 1561 prin-
1536 1513 1560 1545 4

82 1566 204 1625 cipes
247 1582 394 1612 arcem
436 1566 719 1624 publicarum
763 1566 940 1610 aedium
986 1566 1167 1610 nomine
1210 1566 1511 1623 inscripserat,

81 1629 250 1674 frustra
281 1632 450 1686 tamen,
488 1629 577 1673 nisi
611 1629 885 1686 adoptasset,
925 1628 1003 1686 qui
1034 1629 1237 1674 habitare
1270 1631 1322 1673 ut
1353 1629 1401 1673 in
1432 1644 1513 1687 pu-

82 1692 212 1738 blicis
244 1695 409 1750 posset.
475 1691 619 1745 Quam
646 1693 759 1736 bene
786 1707 888 1737 cum
916 1692 1051 1736 titulo
1078 1692 1166 1737 isto
1194 1692 1394 1737 moribus
1421 1691 1512 1736 tuis
1541 1702 1562 1735 5

84 1756 319 1814 convenit,
344 1771 569 1813 quamque
597 1756 750 1799 omnia
776 1756 839 1799 sic
866 1755 995 1814 facis,
1021 1758 1253 1812 tamquam
1279 1770 1373 1800 non
1399 1755 1514 1799 alius

84 1819 382 1876 inscripserit!
447 1817 577 1871 Quod
611 1819 730 1862 enim
763 1818 930 1875 forum,
974 1833 1086 1875 quae
1122 1819 1292 1876 templa
1323 1820 1417 1862 tam
1450 1833 1515 1862 re-

86 1881 261 1926 serata?
312 1881 420 1927 Non
459 1880 732 1938 Capitolium
773 1881 959 1951 ipsaque
999 1881 1078 1925 illa
1119 1881 1374 1939 adoptionis
1413 1883 1517 1925 tuae

87 1945 214 1990 sedes
253 1944 397 2004 magis
436 1944 638 2002 publica,
682 1944 826 2003 magis
867 1943 1081 1988 omnium.
1146 1943 1311 1989 Nullae
1354 1944 1519 2003 obices,

87 2007 204 2052 nulli
236 2007 609 2053 contumeliarum
643 2007 807 2066 gradus
842 2008 1151 2065 superatisque
1185 2007 1274 2051 iam
1308 2007 1432 2051 mille
1464 2008 1519 2052 li-

90 2070 290 2116 minibus
316 2071 437 2115 ultra
463 2085 639 2128 semper
666 2070 816 2127 aliqua
843 2070 954 2114 dura
980 2073 1024 2114 et
1052 2070 1288 2115 obstantia.
1354 2069 1519 2142 Magna
1546 2081 1568 2114 6

90 2136 194 2178 ante
226 2136 290 2192 te,
322 2149 487 2193 magna
512 2135 616 2191 post
640 2135 706 2191 te,
737 2133 864 2177 iuxta
895 2135 941 2178 te
967 2136 1120 2178 tamen
1152 2134 1348 2178 maxima
1375 2134 1520 2191 quies:

90 2199 268 2241 tantum
300 2196 469 2254 ubique
502 2196 753 2252 silentium,
786 2198 879 2240 tam
913 2197 1030 2241 altus
1063 2196 1230 2255 pudor,
1262 2199 1314 2241 ut
1340 2197 1396 2241 ad
1421 2212 1520 2254 par-

90 2274 172 2305 vos
206 2262 389 2318 penates
423 2262 468 2304 et
499 2260 638 2303 larem
673 2262 917 2318 angustum
943 2274 998 2304 ex
1025 2259 1158 2304 domo
1185 2259 1401 2317 principis
1430 2275 1522 2305 mo-

93 2323 262 2368 destiae
282 2325 327 2367 et
346 2322 689 2380 tranquillitatis
712 2323 917 2380 exempla
936 2323 1198 2367 referantur.
1244 2321 1346 2381 Ipse
1372 2325 1521 2367 autem
1537 2318 1599 2368 48

93 2388 146 2430 ut
187 2386 356 2444 excipis
398 2400 570 2442 omnes,
616 2388 667 2429 ut
706 2387 931 2443 expectas!
984 2389 1036 2430 ut
1087 2401 1297 2445 magnam
1349 2388 1524 2444 partem

197 2526 219 2559 6
245 2522 373 2560 vitior.
396 2533 510 2570 paen.
533 2523 683 2569 expect.
705 2522 794 2560 add.
817 2522 868 2568 A,
895 2522 1069 2570 Guspin„
1096 2522 1249 2569 Μυκη,
1277 2533 1347 2560 om.
1367 2522 1447 2560 rell.
