1716 2742
178 124 270 169 324
793 122 831 160 C.
859 122 978 159 PLIN
979 122 997 159 Ι

178 237 422 296 principes,
466 252 578 294 quae
621 237 836 295 facerent,
884 241 1274 297 recognoscerent,
1319 238 1443 297 mali,
1493 254 1607 297 quae

129 313 150 345 2
178 301 323 345 facere
357 300 581 344 deberent.
646 299 698 344 Id
736 315 857 345 nunc
899 316 951 345 eo
994 301 1139 360 magis
1183 302 1399 346 sollemne
1439 315 1491 346 ac
1533 317 1606 347 ne-

179 363 419 408 cessarium
454 365 538 420 est,
573 363 693 421 quod
726 379 887 421 parens
926 365 1081 408 noster
1120 363 1318 421 privatas
1362 364 1607 424 gratiarum

179 426 376 471 actiones
436 425 616 471 cohibet
673 429 718 470 et
776 426 1032 484 comprimit
1089 426 1412 472 intercessurus
1472 427 1607 472 etiam

178 488 392 546 publicis,
425 488 462 532 si
495 490 775 546 permitteret
808 489 894 534 sibi
926 492 1094 547 vetare²
1127 490 1248 547 quod
1275 493 1455 540 senatus
1486 490 1607 535 iube-

129 564 150 596 3
178 554 272 609 re-t.n
322 550 595 610 Utrumque,
637 551 797 597 Caesar
839 550 1064 612 Auguste,
1107 552 1354 610 moderate,
1400 556 1446 598 et
1487 553 1609 611 quod

179 613 286 658 alibi
331 614 414 658 tibi
465 615 630 673 gratias
677 616 751 674 agi
795 630 888 659 non
934 615 1060 673 sinis,
1109 618 1153 659 et
1199 615 1319 674 quod
1364 616 1439 661 hic
1488 616 1608 661 sinis.

177 676 284 722 Non
327 673 444 722 enim
486 693 512 721 a
556 681 601 722 te
647 678 735 736 ipsi
780 678 864 722 tibi
908 679 1055 722 honor
1099 678 1202 734 iste,
1249 679 1326 723 sed
1372 678 1609 739 agentibus

177 739 380 784 habetur.
454 739 582 786 Cedis
623 741 870 785 adfectibus
907 741 1092 799 nostriS,
1132 757 1215 786 nec
1253 741 1384 786 nobis
1425 757 1611 787 munera

178 805 257 847 tua
289 803 565 862 praedicare,
598 804 673 848 sed
709 804 862 848 audire
895 803 980 848 tibi
1012 818 1193 849 necesse
1220 807 1298 849 est.

128 880 151 912 4
274 865 416 924 Saepe
437 882 521 925 ego
548 883 741 925 mecum,
769 869 918 925 patres
946 867 1210 925 conscripti,
1236 867 1401 913 tacitus
1428 867 1613 927 agitavi,

179 929 356 986 qualem
393 932 701 988 quantumque
735 945 830 974 esse
864 932 1111 988 oporteret,
1150 929 1277 975 cuius
1318 930 1492 975 dicione
1531 946 1611 975 nu-

177 995 316 1050 tuque
350 992 510 1051 maria,
536 996 698 1051 terrae,
726 1009 832 1051 pax,
860 993 980 1037 bella
1005 996 1285 1052 regerentur3
1313 1008 1414 1038 cum
1442 993 1612 1038 interea

177 1055 369 1114 fingenti
413 1055 717 1114 formantique
763 1056 874 1100 mihi
920 1056 1190 1115 principem,
1238 1072 1373 1114 quem
1422 1059 1612 1115 aequata

178 1117 246 1162 dis
279 1118 594 1163 inmortalibus
633 1121 833 1177 potestas
873 1119 1067 1176 deceret,
1106 1135 1354 1178 numquam
1386 1122 1494 1164 voto
1529 1120 1613 1165 sal-

177 1183 270 1225 tem
304 1182 539 1239 concipere
573 1182 795 1227 succurrit
829 1181 1020 1226 similem
1052 1182 1179 1240 huic,
1222 1198 1355 1240 quem
1395 1182 1610 1227 videmus.

128 1259 149 1292 5
177 1243 357 1288 Enituit
389 1245 552 1302 aliquis
586 1245 634 1289 in
667 1245 805 1303 bello,
841 1245 917 1289 sed
958 1245 1180 1290 obsolevit
1219 1246 1266 1289 in
1304 1260 1434 1304 pace3
1473 1245 1611 1290 alium

177 1309 304 1366 toga,
337 1308 414 1351 sed
452 1323 546 1352 non
588 1311 632 1352 et
671 1324 795 1352 arma
835 1308 1153 1367 honestarunt3
1196 1309 1492 1353 reverentiam
1535 1309 1612 1353 ille

177 1372 368 1428 terrore,
401 1371 515 1415 alius
550 1387 748 1415 amorem
781 1371 1038 1415 humilitate
1072 1371 1288 1429 captavit3
1327 1371 1403 1416 ille
1437 1371 1610 1429 quaesi-

176 1436 270 1478 tam
305 1434 427 1478 domi
460 1434 651 1493 gloriam
686 1435 732 1478 in
769 1434 973 1491 publico,
1012 1433 1087 1478 hic
1128 1435 1176 1478 in
1214 1434 1396 1492 publico
1436 1436 1613 1493 partam

178 1495 299 1540 domi
332 1497 548 1554 perdidit3
581 1499 810 1555 postremo
844 1497 990 1541 adhuc
1016 1512 1148 1541 nemo
1179 1497 1347 1555 extitit,
1374 1497 1502 1542 cuius
1528 1497 1614 1541 vir-

127 1573 149 1607 6
177 1561 296 1603 tutes
329 1560 456 1604 nullo
490 1559 703 1604 vitiorum
738 1559 934 1604 confinio
967 1560 1260 1604 laederentur.
1329 1558 1391 1604 At
1416 1560 1613 1619 principi

175 1625 332 1666 nostro
360 1625 528 1680 quanta
554 1623 794 1668 concordia
821 1625 1104 1680 quantusque
1133 1625 1376 1668 concentus
1408 1622 1610 1668 omnium

176 1685 360 1730 laudum
394 1686 631 1744 omnisque
665 1685 834 1744 gloriae
869 1686 1077 1745 contigit!
1139 1685 1203 1731 Ut
1235 1686 1353 1730 nihil
1385 1686 1612 1731 severitati

178 1748 271 1792 eius
305 1748 554 1807 hilaritate,
587 1749 703 1794 nihil
736 1748 948 1808 gravitati
982 1749 1288 1807 simplicitate,
1327 1748 1443 1793 nihil
1477 1748 1610 1793 maie-

129 1826 149 1858 7
179 1812 285 1856 stati
328 1811 610 1857 humanitate
655 1811 922 1856 detrahitur!
987 1810 1083 1855 Iam
1126 1812 1334 1868 firmitas,
1380 1812 1468 1856 iam
1511 1827 1613 1870 pro·

178 1874 338 1919 ceritas
373 1875 590 1933 corporis,
625 1876 714 1919 iam
747 1876 893 1919 honor
927 1874 1086 1932 capitis
1120 1877 1164 1920 et
1197 1875 1393 1934 dignitas
1427 1875 1529 1933 oris,
1558 1875 1614 1919 ad

177 1937 264 1982 hoc
297 1938 454 1982 aetatis
488 1938 709 1983 indeflexa
742 1938 979 1982 maturitas
1018 1953 1102 1982 nec
1141 1938 1236 1982 sine
1279 1937 1473 1996 quodam
1518 1953 1612 1982 mu-

177 2015 282 2045 nere
316 2001 448 2045 deum
476 2001 698 2046 festinatis
726 2001 969 2046 senectutis
997 2000 1251 2060 insignibus
1279 2001 1334 2045 ad
1361 2001 1612 2060 augendam

179 2063 457 2108 maiestatem
491 2067 649 2109 ornata
682 2065 898 2109 caesaries
930 2078 1081 2108 nonne
1113 2064 1249 2123 longe
1281 2064 1460 2121 lateque
1492 2063 1611 2122 prin-

123 2127 151 2174 5
181 2127 327 2184 cipem
362 2127 620 2172 ostentant?
663 2127 819 2172 Talem
847 2141 943 2171 esse
971 2127 1190 2184 oportuit,
1219 2142 1352 2184 quem
1378 2141 1472 2171 non
1498 2126 1616 2171 bella

182 2189 331 2234 civilia
375 2205 459 2235 nec
506 2190 640 2234 armis
687 2205 902 2248 oppressa
947 2204 1018 2233 res
1063 2190 1264 2248 publica,
1309 2189 1386 2234 sed
1436 2205 1526 2248 pax
1571 2191 1616 2234 et

131 2266 151 2297 2
181 2252 363 2310 adoptio
397 2255 442 2297 et
474 2254 655 2298 tandem
684 2255 867 2297 exorata
886 2252 1016 2297 terris
1043 2253 1231 2297 numina
1258 2251 1494 2297 dedissent.
1540 2250 1614 2296 An

179 2314 247 2358 fas
275 2318 368 2359 erat
394 2315 509 2360 nihil
535 2316 713 2361 differre
740 2317 856 2360 inter
883 2316 1220 2374 imperatorem,
1247 2331 1382 2373 quem
1407 2314 1614 2360 homines

281 2418 328 2450 24
355 2414 411 2451 nil
438 2416 662 2462 Borneeque
684 2427 723 2462 p.
746 2417 833 2452 214.
987 2416 1033 2450 28
1060 2413 1253 2451 indeflexa
1280 2414 1341 2460 M,
1370 2414 1436 2459 K„
1465 2413 1615 2459 Muell„

180 2462 324 2552 1323?
345 2465 540 2511 Beroaldi,
562 2465 760 2502 indefessa
782 2465 968 2510 Patarol„
992 2463 1183 2501 indevexa
1204 2464 1396 2510 Momms„
1417 2463 1617 2501 indefecta

1637 819 1672 847 10

1640 1133 1675 1161 15

1640 1449 1676 1476 80

1638 1761 1673 1790 25

1639 2077 1676 2104 30
