1716 2742
173 128 264 174 364
783 125 821 163 0.
851 125 987 163 PLINI

122 253 143 285 3
170 240 404 301 fastigium
439 242 633 298 servent,
668 255 770 285 cum
804 241 988 285 deorum
1016 241 1111 299 ipse
1137 256 1230 285 non
1257 241 1454 300 adoptes.
1512 239 1598 286 Itass

171 319 257 362 que
296 309 420 348 tuam
462 305 656 347 statuam
696 303 743 347 in
781 303 1004 349 vestibulo
1047 302 1169 348 Iovis
1212 304 1374 362 optimi
1414 304 1599 348 maximi

170 382 304 411 unam
338 366 579 410 alteramve
618 368 663 411 et
702 366 819 411 hanc
859 382 1032 411 aeream
1067 366 1302 412 cernimus.
1366 365 1430 412 At
1461 368 1597 426 paulo

171 433 273 474 ante
313 428 460 473 aditus
502 444 676 487 omnes,
719 444 873 474 omnes
917 429 1081 489 gradus
1121 431 1307 487 totaque
1349 445 1451 475 area
1491 429 1599 475 hinc

171 507 298 551 auro,
340 491 445 536 hinc
485 494 670 551 argento
714 492 942 537 relucebat
985 508 1062 537 seu
1105 492 1257 551 potius
1298 493 1597 551 polluebatur,
1631 505 1647 533 ⁵

171 570 273 600 cum
306 554 466 599 incesti
498 555 714 613 principis
750 555 909 601 statuis
943 555 1167 613 permixta
1200 555 1386 601 deorum
1419 555 1599 601 simula-

121 630 143 661 4
171 633 246 663 cra
289 617 530 663 sorderent.
596 617 720 678 Ergo
763 618 876 663 istae
921 618 1102 675 quidem
1145 634 1297 663 aereae
1340 621 1384 664 et
1426 634 1596 677 paucae

169 684 351 725 manent
383 681 718 740 manebuntque
752 696 887 739 quam
922 681 998 726 diu
1032 682 1254 740 templum
1287 681 1454 740 ipsum,
1494 682 1597 726 illae

169 747 318 788 autem
351 758 510 789 aureae
542 747 587 789 et
618 744 967 789 innumerabiles
998 747 1150 804 strage
1183 747 1228 790 et
1258 745 1390 789 ruina
1415 744 1597 803 publico

169 807 332 867 gaudio
365 807 622 852 litaverunt.
686 805 876 851 Iuvabat
914 806 1087 852 illidere
1121 808 1217 853 solo
1251 807 1597 867 superbissimos
1625 822 1660 850 ιο

170 868 347 928 vultus,
378 870 546 915 instare
579 870 717 928 ferro,
752 870 922 915 saevire
956 871 1204 929 securibus,
1237 873 1289 916 ut
1322 870 1597 930 sisingulos

119 944 141 977 5
168 932 284 978 ictus
306 933 488 993 sanguis
510 934 728 992 dolorque
749 936 1021 992 sequeretur.
1059 933 1207 979 Nemo
1228 937 1322 979 tam
1342 936 1596 992 temperans

168 996 322 1056 gaudii
349 1011 562 1054 seraeque
593 996 810 1055 laetitiae,
843 996 954 1055 quin
985 996 1128 1041 instar
1159 996 1346 1042 ultionis
1373 996 1599 1042 videretur

169 1074 347 1104 cernere
367 1060 538 1104 laceros
566 1062 709 1116 artus,
734 1062 942 1105 truncata
961 1060 1180 1117 membra,
1200 1063 1429 1119 postremo
1449 1062 1597 1105 truces

167 1122 502 1180 horrendasque
543 1122 762 1182 imagines
807 1123 1002 1169 obiectas
1050 1125 1346 1182 excoctasque
1388 1123 1595 1182 flammis,
1623 1137 1658 1166 1⁵

167 1187 219 1229 ut
251 1201 306 1230 ex
338 1186 418 1230 illo
451 1189 621 1231 terrore
655 1188 700 1230 et
738 1185 870 1231 minis
910 1187 958 1230 in
996 1201 1129 1231 usum
1161 1186 1398 1232 hominum
1437 1201 1490 1231 ac
1521 1201 1598 1231 vo-

119 1259 139 1293 6
166 1249 364 1307 luptates
397 1249 579 1309 ignibus
607 1251 900 1294 mutarentur.
949 1247 1097 1294 Simili
1122 1250 1391 1308 reverentia,
1425 1247 1598 1307 Caesar,

165 1326 260 1356 non
292 1312 411 1370 apud
445 1311 627 1372 genium
660 1314 791 1357 tuum
824 1312 1018 1357 bonitati
1050 1315 1154 1358 tuae
1188 1312 1355 1372 gratias
1389 1312 1486 1372 agi,
1519 1312 1597 1358 sed

167 1375 287 1433 apud
319 1390 486 1419 numen
518 1373 639 1419 Iovis
680 1374 841 1433 optimi
880 1376 1066 1420 maximi
1104 1376 1290 1434 pateris:
1328 1375 1398 1420 illi
1436 1375 1597 1420 debere

167 1453 272 1495 nos,
305 1438 525 1496 quidquid
557 1437 642 1483 tibi
675 1437 935 1496 debeamus,
967 1438 1110 1497 illius,
1144 1439 1264 1497 quod
1297 1439 1412 1484 bene
1445 1438 1596 1497 facias,
1623 1453 1660 1482 ιο

119 1512 138 1545 7
166 1501 364 1546 muneris
391 1516 506 1559 esse,
541 1501 618 1559 qui
646 1503 691 1546 te
722 1501 855 1546 dedit.
920 1500 1040 1546 Ante
1074 1501 1255 1560 quidem
1287 1501 1492 1562 ingentes
1518 1501 1598 1546 ho-

167 1563 355 1609 stiarum
389 1579 546 1624 greges
580 1580 660 1623 per
694 1563 1000 1623 Capitolinum
1040 1564 1126 1609 iter
1159 1581 1323 1625 magna
1362 1565 1432 1610 sui
1470 1566 1598 1623 parte

166 1627 291 1671 velut
323 1627 560 1685 intercepti
595 1627 822 1672 devertere
855 1628 929 1672 via
961 1628 1259 1687 cogebantur,
1298 1643 1401 1674 cum
1435 1627 1598 1673 saevis·

167 1690 271 1734 simi
292 1690 463 1734 domini
483 1690 764 1735 atrocissima
784 1691 956 1750 effigies
983 1693 1111 1736 tanto
1132 1691 1418 1736 victimarum
1440 1706 1598 1736 cruore

167 1753 410 1811 coleretur,
444 1756 663 1811 quantum
690 1754 786 1812 ipse
812 1754 1000 1798 humani
1026 1754 1258 1814 sanguinis
1284 1754 1597 1813 profundebat.
1624 1767 1660 1796 π

91 1812 152 1861 53
262 1814 443 1875 Omnia,
476 1819 625 1875 patres
653 1816 916 1875 conscripti,
951 1832 1064 1875 quae
1099 1818 1152 1862 de
1185 1817 1284 1863 aliis
1317 1816 1598 1876 principibus

167 1895 193 1923 a
231 1895 302 1924 me
345 1882 423 1924 aut
465 1879 675 1924 dicuntur
717 1882 795 1924 aut
837 1881 957 1925 dicta
999 1883 1124 1939 sunt,
1166 1896 1219 1926 eo
1259 1881 1506 1939 pertinent,
1547 1882 1599 1924 ut

168 1942 420 2001 ostendam,
463 1958 598 2002 quam
631 1944 770 2003 longa
804 1943 1128 2004 consuetudine
1169 1946 1405 2002 corruptos
1446 1943 1599 2002 depra-

166 2008 385 2064 vatosque
418 2022 564 2052 mores
597 2006 877 2064 principatus
910 2022 1072 2065 parens
1114 2009 1269 2052 noster
1299 2006 1515 2052 reformet
1553 2009 1599 2051 et

167 2069 373 2128 corrigat.
439 2068 659 2128 Alioquin
690 2069 807 2114 nihil
844 2085 937 2114 non
975 2085 1136 2128 parum
1177 2072 1303 2130 grate
1343 2070 1439 2115 sine
1479 2084 1598 2115 com·
1624 2083 1660 2112 ω
1704 2070 1706 2074 ’

117 2143 138 2176 2
166 2132 398 2190 paratione
430 2132 652 2178 laudatur.
719 2132 953 2178 Praeterea
991 2133 1079 2179 hoc
1110 2133 1306 2191 primum
1347 2148 1453 2194 erga
1485 2132 1599 2192 opti-

268 2273 287 2305 1
328 2269 493 2317 adoptes
532 2271 584 2307 M
591 2270 613 2316 ⁴,
650 2270 775 2317 Lips„
812 2270 864 2307 K.
886 2271 921 2316 I,
960 2270 1127 2318 adeptus
1164 2275 1246 2308 cett.
1275 2270 1395 2317 codd„
1432 2269 1598 2316 adpetas

168 2318 313 2365 Livin„
340 2320 392 2357 K.
408 2321 469 2366 II,
489 2320 644 2366 Baehr„
667 2319 842 2357 adfectes
863 2319 884 2357 ,9
904 2321 1049 2367 Livia„
1069 2332 1140 2359 scr.
1163 2321 1302 2358 Muell.
1405 2322 1426 2356 9
1455 2330 1598 2356 aureae

167 2369 255 2406 add.
279 2369 361 2407 Cat.
389 2392 438 2397 —
471 2371 538 2407 str.
567 2381 614 2407 ac
640 2371 755 2407 ruina
782 2371 821 2408 Β
838 2371 879 2418 V,
913 2372 1070 2418 Baehr„
1103 2383 1137 2409 v.
1160 2372 1298 2409 Muell.
1319 2370 1374 2408 ad
1399 2370 1486 2408 edit.
1506 2381 1599 2408 suae

163 2431 203 2466 10.
224 2423 285 2466 49,
305 2422 366 2458 23.
458 2425 504 2458 15
525 2420 695 2458 flammis
717 2422 976 2469 excoctasque
998 2422 1052 2460 K.
1065 2423 1126 2468 II,
1146 2422 1290 2460 Baehr.
1380 2423 1426 2457 21
1447 2432 1480 2458 v.
1497 2420 1597 2466 Hof-

167 2470 278 2508 acker
296 2482 338 2517 p.
359 2473 420 2508 58.
448 2492 496 2498 —-
524 2470 933 2529 ante<a>Bornecque
952 2484 994 2520 p.
1016 2474 1105 2510 213.
1217 2475 1265 2509 30
1293 2469 1392 2522 (et)
1421 2469 1599 2518 alioquin

168 2519 313 2566 Livin„
340 2520 497 2567 Baehr„
526 2521 706 2570 (alioqm)
735 2522 787 2559 K.
809 2522 867 2559 ΙΙ.
