1630 2678
134 116 192 161 88
722 106 759 143 C.
788 103 921 142 PLINI

134 223 351 270 constitui.
415 221 707 266 Subsistemus
739 218 924 262 fortasse
956 217 1000 258 et
1031 211 1249 270 sequenti,
1287 211 1364 256 sed
1393 213 1520 256 tanto

88 299 109 333 ’1
135 285 274 344 magis
314 284 429 327 viam
470 283 608 338 ipsam
653 279 954 335 corripiemus:
1012 275 1242 332 contingat
1290 271 1423 318 modo
1474 274 1519 317 te

135 346 355 402 filiamque
398 347 518 387 tuam
560 342 694 385 fortes
747 338 960 383 invenire!
1004 351 1108 380 nam
1147 335 1311 379 hilares
1352 336 1520 379 certum

137 410 219 464 est,
251 407 286 450 si
318 420 397 449 nos
428 404 665 447 incolumes
697 399 957 458 receperitis.
1021 397 1143 442 Vale.

163 528 320 608 ms
335 522 497 589 Zju-bn
511 514 612 565 '50⁸—
795 513 847 553 ῙῙ·

376 604 417 638 C.
439 602 638 637 PLINIUS
664 601 814 635 ATTIO
842 599 1096 634 CLEMENTI
1123 597 1216 632 SUO
1245 596 1284 630 S.

92 687 110 720 1
216 673 408 731 Regulus
440 672 582 714 filium
607 669 755 713 amisit
784 669 870 712 hoc
901 682 989 711 uno
1016 667 1132 710 malo
1158 665 1379 734 indignus,
1405 663 1524 721 quod

137 734 282 778 nescio
314 749 367 777 an
400 733 563 776 malum
595 734 730 788 putet.
793 729 902 773 Erat
932 743 1041 786 puer
1082 727 1193 771 acris
1225 725 1410 785 ingemi,
1447 724 1524 770 sed

138 795 347 853 ambigui,
381 794 455 850 qui
486 796 632 836 tamen
657 794 807 849 posset
831 793 950 834 recta
975 788 1144 845 sectari,
1177 787 1215 832 si
1239 791 1410 844 patrem
1433 801 1526 830 non

91 869 112 901 2
137 856 325 900 referret.
388 854 519 898 Hunc
551 853 746 911 Regulus
778 851 1089 908 emancipavit,
1119 852 1170 893 ut
1207 849 1333 893 heres
1371 847 1525 892 matris

139 918 360 972 existeret3
398 915 695 971 mancipatum
726 912 809 972 (ita
846 913 979 970 vulgo
1007 927 1060 955 ex
1098 911 1295 954 moribus
1332 907 1526 954 hominis

138 975 446 1034 loquebantur)
479 975 607 1019 foeda
639 978 683 1019 et
713 975 890 1018 insolita
933 972 1187 1030 parentibus
1226 969 1527 1030 indulgentiae

139 1038 415 1082 simulatione
441 1037 654 1093 captabat.
717 1035 988 1091 Incredibile,
1021 1034 1095 1077 sed
1122 1033 1343 1091 Regulum
1367 1031 1527 1090 cogita.

92 1111 114 1143 3
139 1098 364 1143 Amissum
388 1101 535 1141 tamen
559 1098 683 1155 luget
707 1097 867 1140 insane.
931 1095 1135 1139 Habebat
1159 1109 1270 1151 puer
1293 1093 1527 1138 mannulos

140 1161 301 1204 multos
334 1162 377 1203 et
407 1159 579 1203 iunctos
619 1161 662 1201 et
699 1158 887 1212 solutos,
930 1156 1122 1201 habebat
1166 1170 1295 1200 canes
1339 1154 1527 1200 maiores

141 1221 428 1276 minoresque,
453 1219 643 1263 habebat
660 1219 881 1274 luscinias,
900 1218 1122 1275 psittacos,
1142 1217 1352 1260 merulas:
1378 1229 1530 1260 omnes

94 1293 116 1325 4
142 1281 334 1340 Regulus
367 1281 482 1325 circa
512 1295 670 1338 rogum
706 1279 951 1323 trucidavit.
1015 1278 1056 1322 N
1059 1293 1109 1322 ec
1149 1278 1276 1322 dolor
1314 1279 1408 1321 erat
1443 1276 1531 1332 ille,

143 1342 217 1386 sed
249 1342 483 1386 ostentatio
516 1341 689 1385 doloris.
754 1339 1022 1384 Convenitur
1053 1340 1107 1383 ad
1139 1354 1240 1383 eum
1279 1338 1392 1382 mira
1423 1337 1532 1382 cele-

143 1403 310 1446 britate.
374 1402 528 1446 Cuncti
560 1402 844 1458 detestantur,
875 1401 1061 1445 oderunt
1093 1403 1147 1457 et,
1181 1399 1307 1457 quasi
1331 1398 1532 1457 probent,

147 1464 270 1520 quasi
318 1463 520 1521 diligant,
570 1466 765 1519 cursant,
808 1463 1107 1519 frequentant,
1151 1464 1288 1518 utque
1329 1459 1532 1516 breviter,

147 1524 264 1580 quod
296 1524 446 1579 sentio,
478 1524 710 1580 enuntiem,
742 1524 789 1567 in
813 1523 985 1582 Regulo
1018 1523 1278 1567 demerendo
1310 1520 1533 1580 Regulum

99 1595 121 1628 5
147 1584 382 1628 imitantur.
438 1584 575 1628 Tenet
600 1601 645 1628 se
676 1588 796 1628 trans
822 1584 1015 1628 Tiberim
1042 1585 1088 1627 in
1113 1584 1274 1640 hortis,
1299 1583 1347 1642 in
1373 1581 1534 1639 quibus

147 1645 408 1688 latissimum
449 1645 590 1688 solum
627 1646 868 1702 porticibus
909 1646 1151 1702 immensis,
1192 1644 1335 1702 ripam
1376 1643 1534 1687 statuis

148 1706 238 1750 suis
272 1706 517 1761 occupavit,
550 1708 599 1748 ut
631 1709 696 1749 est
727 1707 772 1749 in
805 1722 975 1750 summa
1013 1707 1196 1750 avaritia
1235 1707 1534 1762 sumptuosus,

101 1777 123 1811 6
149 1766 196 1810 in
239 1780 408 1809 summa
451 1766 628 1808 infamia
671 1768 899 1824 gloriosus.
975 1767 1119 1811 Vexat
1161 1781 1267 1826 ergo
1312 1765 1536 1810 civitatem

150 1826 482 1871 insaluberrimo
514 1829 708 1883 tempore
741 1831 794 1883 et,
828 1829 944 1884 quod
970 1831 1116 1885 vexat,
1149 1827 1363 1872 solacium
1395 1827 1534 1884 putat.

151 1887 272 1931 Dicit
303 1902 348 1930 se
380 1887 490 1930 velle
523 1887 676 1931 ducere
708 1903 899 1945 uxorem,
943 1889 1027 1933 hoc
1073 1904 1248 1945 quoque
1291 1888 1407 1932 sicut
1449 1886 1537 1931 alja

104 1958 126 1992 ‘1
151 1962 362 2005 perverse.
425 1946 587 1991 Audies
607 1949 726 1991 brevi
751 1950 925 2005 nuptias
956 1951 1160 2007 lugentis,
1191 1949 1371 2007 nuptias
1402 1947 1537 2004 senis3

153 2022 338 2065 quorum
371 2008 554 2051 alterum
592 2008 874 2066 inmaturum,
907 2011 1089 2053 alterum
1119 2026 1263 2055 serum
1289 2013 1367 2055 est.
1407 2007 1537 2054 Unde

103 2079 127 2113 8
151 2069 238 2113 hoc
268 2083 472 2125 augurer,
516 2069 697 2124 quaeris.
759 2069 863 2114 Non
906 2072 1009 2127 quia
1046 2072 1249 2115 adfirmat
1291 2071 1404 2128 ipse,
1448 2083 1537 2126 quo

1551 860 1587 889 1⁰

1555 1165 1590 1194 15

1560 1775 1597 1805 25

153 2129 403 2173 mendacius
434 2128 546 2171 nihil
578 2133 654 2186 est,
681 2131 754 2173 sed
782 2132 884 2186 quia
910 2134 1074 2175 certum
1100 2136 1167 2176 est
1192 2131 1414 2190 Regulum
1444 2145 1539 2174 esse
1598 2175 1601 2183 .

153 2190 390 2243 facturum,
422 2189 632 2245 quidquid
664 2191 758 2234 fieri
788 2207 878 2235 non
910 2196 1092 2249 oportet.
1155 2193 1278 2237 Vale.

174 2321 183 2328 θ
252 2276 274 2308 8
305 2283 394 2308 nam
426 2271 494 2307 hil.
526 2275 670 2308 certum
702 2275 760 2309 est
785 2275 989 2321 RFpra,
1023 2277 1124 2320 Otto,
1152 2276 1295 2320 Muell„
1327 2286 1418 2311 nam
1450 2285 1540 2311 con-

153 2323 280 2368 tinget
310 2320 379 2357 hil.
405 2321 457 2356 M
469 2320 562 2363 VD,
595 2322 645 2357 K.
673 2323 784 2367 (disp.
805 2324 834 2358 I
848 2326 900 2368 9),
943 2335 1032 2360 nam
1067 2324 1135 2360 hil.
1168 2324 1369 2371 continget
1393 2322 1537 2370 Smyl.

155 2374 179 2408 6
204 2369 312 2406 Attio
338 2380 384 2406 ex
406 2369 484 2405 8010
509 2370 557 2405 R.
658 2374 699 2406 11
728 2372 891 2417 mancip.
919 2373 1039 2419 RFp
1050 2386 1093 2418 a,
1120 2372 1308 2419 emancip.
1335 2371 1539 2410 MVDre.

156 2440 202 2446 —
226 2418 399 2455 homines
420 2417 471 2454 M
489 2417 529 2453 V.
661 2423 703 2454 14
730 2419 863 2456 insane
883 2432 951 2457 om.
978 2422 1016 2458 R
1030 2422 1079 2467 F,
1104 2421 1168 2458 sed
1186 2421 1235 2467 cf.
1251 2421 1360 2467 infra
1378 2423 1414 2466 7,
1433 2423 1479 2465 1,·
1503 2421 1538 2456 4.
