1716 2742
486 93 844 132 PANEGYRICUS
872 99 931 142 81,
946 106 963 132 2
978 117 1025 124 —
1039 98 1100 142 83,
1116 106 1143 133 3.
1435 97 1527 143 393

22 220 39 227 ³
100 209 252 254 ritiam
283 210 486 268 corporis
519 225 571 254 ac
596 211 886 268 lacertorum3
920 211 1016 266 sed,
1050 211 1088 255 si
1104 211 1184 267 vhis
1211 211 1402 256 validior
1427 213 1526 255 toto

100 286 289 331 corpore
325 272 502 317 animus
535 273 782 331 imperitet,
827 289 960 332 quem
1004 289 1098 318 non
1135 274 1343 318 fortunae
1381 273 1527 318 indul-

99 335 267 395 gentia,
293 335 512 393 emolliat,
554 351 637 380 nec
679 337 834 395 copiae
875 337 1147 395 principales
1191 337 1246 381 ad
1289 336 1527 397 segnitiem

98 397 346 456 luxumque
365 398 674 456 detorqueant,
702 401 812 444 tunc
832 415 938 459 ego,
964 415 1042 444 seu
1062 399 1292 444 montibus
1314 415 1392 445 seu
1413 400 1527 444 mari

98 463 376 519 exerceatur,
407 463 452 505 et
475 461 645 505 laetum
673 477 806 519 opere
833 477 996 521 corpus
1024 465 1069 507 et
1094 463 1341 508 crescentia
1364 463 1527 507 labori·

38 580 41 581 ⁷
96 522 182 569 bus
207 523 410 568 membra
435 523 645 568 mirabor.
711 524 855 569 Video
882 526 1002 570 enim
1029 525 1118 570 iam
1146 526 1250 570 inde
1276 526 1526 583 antiquitus
1555 538 1575 572 '1

33 790 72 819 1⁰

34 1105 70 1134 15

97 585 284 631 maritos
316 585 498 631 dearum
531 601 586 631 ac
618 587 803 631 deorum
835 588 1000 633 liberos
1042 603 1118 633 nec
1147 592 1384 645 parentum
1416 589 1528 633 dim·-

95 649 232 695 m‘tate
261 663 346 695 nec
371 648 593 709 dignitate
624 651 885 708 nuptiarum
911 651 1055 710 magis
1084 667 1219 709 quam
1251 651 1322 696 his
1355 651 1526 696 artibus

97 711 371 758 inclaruisse.
438 710 584 756 Simul
636 713 808 772 cogito,
861 728 963 758 cum
1016 714 1107 758 sint
1159 714 1246 758 ista
1296 715 1429 759 ludus
1482 717 1528 759 et
1553 726 1576 760 8

95 777 458 833 avocamentum,
492 790 607 833 quae
639 779 923 834 quantaeque
950 777 1041 821 sint
1066 777 1200 822 huius
1228 792 1361 822 curae
1387 777 1527 822 seriae

96 840 143 883 et
185 837 406 896 intentae,
458 841 503 883 et
546 854 573 883 a
615 839 778 896 quibus
832 855 879 883 se
924 839 971 883 in
1016 840 1106 884 tale
1160 840 1303 884 otium
1354 840 1526 898 recipit.

95 899 366 960 Voluptates
406 903 514 946 sunt
552 902 693 959 enim,
738 902 1013 960 voluptates,
1058 902 1221 960 quibus
1262 903 1433 961 optime
1473 903 1526 947 de

94 963 313 1023 cuiusque
363 964 603 1024 gravitate,
656 965 912 1022 sanctitate,
970 966 1267 1023 temperantia
1318 966 1525 1011 creditur.

93 1025 215 1072 Nam
254 1026 356 1085 quis
394 1027 505 1072 adeo
546 1027 813 1085 dissolutus,
853 1028 979 1072 cuius
1021 1044 1115 1073 non
1154 1029 1526 1086 occupationibus
1553 1042 1575 1075 9

96 1089 250 1148 aliqua
281 1090 452 1148 species
486 1091 737 1135 severitatis
771 1090 993 1135 insideat?
1026 1090 1130 1136 Otio
1164 1092 1410 1149 prodimur.
1452 1091 1527 1136 An

94 1168 189 1198 non
231 1153 436 1212 plerique
481 1153 707 1211 principes
753 1154 840 1198 hoc
886 1154 1005 1198 idem
1051 1157 1230 1212 tempus
1276 1155 1324 1198 in
1369 1156 1528 1212 aleam,

94 1218 269 1275 stupra,
310 1216 471 1261 luxum
512 1216 823 1274 conferebant,
866 1232 969 1261 011111
1015 1218 1231 1261 seriarum
1270 1218 1527 1262 laxamenta

94 1293 304 1324 curarum
334 1279 551 1324 vitiorum
584 1280 871 1324 contentione
906 1280 1196 1338 supplerent?

186 1340 340 1387 Habet
357 1342 446 1387 hoc
465 1343 664 1401 primum
684 1358 849 1402 magna
869 1343 1062 1401 fortuna,
1084 1343 1205 1401 quod
1218 1343 1334 1388 nihil
1344 1341 1600 1401 tectum,83

92 1404 208 1450 nihil
234 1406 464 1451 occultum
491 1421 588 1450 esse
615 1406 805 1464 patitur;
832 1406 1088 1464 principum
1115 1421 1220 1450 vero
1247 1421 1341 1450 non
1366 1406 1525 1451 domus

93 1467 248 1526 modo,
288 1468 367 1515 sed
400 1468 608 1514 cubicula
641 1469 740 1527 ipsa
778 1467 1054 1526 intimosque
1095 1484 1294 1514 secessus
1333 1469 1527 1514 recludit

93 1530 333 1589 omniaque
372 1546 535 1576 arcana
573 1531 801 1576 noscenda
839 1531 985 1576 famae
1024 1532 1240 1590 proponit
1279 1535 1414 1591 atque
1453 1548 1526 1577 ex-

91 1593 242 1653 plicat.
301 1593 390 1640 Sed
425 1594 535 1652 tibi,
578 1593 757 1651 Caesar,
802 1595 917 1639 nihil
963 1594 1343 1639 accommodatius
1389 1595 1527 1639 fuerit

92 1657 150 1702 ad
212 1657 405 1717 gloriam
472 1673 607 1716 quam
666 1658 846 1716 penitus
905 1657 1078 1716 inspici.
1170 1656 1286 1702 Sunt
1345 1658 1525 1716 quidem
1553 1670 1575 1703 2

90 1721 343 1779 praeclara,
374 1736 489 1779 quae
522 1722 570 1765 in
601 1721 833 1778 publicum
874 1721 1066 1779 profers,
1107 1720 1184 1765 sed
1217 1736 1310 1765 non
1350 1721 1526 1766 minora

91 1798 164 1842 ea,
214 1799 330 1842 quae
379 1783 536 1828 limine
587 1786 723 1828 tenes.
808 1783 894 1827 Est
944 1784 1255 1843 magnificum,
1308 1784 1429 1842 quod
1480 1787 1525 1828 te

91 1846 148 1891 ab
201 1846 325 1891 omni
376 1847 646 1906 contagione
698 1846 913 1891 vitiorum
964 1847 1172 1905 reprimis
1225 1861 1276 1891 ac
1327 1862 1524 1903 revocas,

91 1909 168 1954 sed
220 1910 603 1970 magnificentius,
658 1909 778 1967 quod
823 1913 946 1967 tuos3
999 1912 1167 1968 quanto
1214 1910 1334 1954 enim
1380 1910 1525 1969 magis
1552 1921 1574 1955 3

92 1972 283 2017 arduum
317 1975 386 2018 est
412 1973 524 2018 alios
558 1975 785 2031 praestare
814 1987 948 2030 quam
982 1988 1047 2030 se,
1079 1975 1207 2017 tanto
1240 1972 1526 2030 laudabilius,

91 2035 234 2096 quod,
273 2051 377 2081 cum
417 2037 514 2095 ipse
555 2036 615 2080 sis
656 2035 876 2093 optimus,
918 2050 1072 2080 omnes
1114 2036 1233 2080 circa
1270 2038 1316 2080 te
1356 2036 1524 2080 similes

190 2189 212 2222 2
251 2185 407 2234 indulg.
441 2184 568 2222 emoll.
603 2185 743 2222 Baehr.
778 2196 820 2232 p.
853 2184 991 2230 XXV,
1038 2183 1287 2232 indulgentie
1333 2184 1440 2222 moll.
1474 2186 1524 2231 A,

88 2235 170 2272 ind.
197 2235 354 2273 molliat
389 2236 491 2284 vuly.
626 2238 646 2271 3
681 2246 754 2271 nec
781 2235 832 2280 A,
870 2246 948 2271 non
983 2235 1084 2283 vuly.
1209 2239 1228 2271 7
1267 2235 1395 2272 lacwn.
1424 2236 1524 2283 expl.

89 2285 272 2333 Schnelle,
298 2287 348 2332 cf.
364 2298 405 2333 p.
428 2288 516 2332 330,
542 2288 604 2323 28.
698 2288 719 2321 9
742 2285 853 2321 cuius
874 2285 956 2321 sint
974 2286 1117 2322 Baehr.
1199 2289 1246 2322 10
1267 2285 1385 2322 huius
1406 2296 1523 2323 curae

90 2336 244 2383 Muell„
274 2336 392 2373 huius
427 2335 495 2373 ille
529 2336 580 2381 A,
615 2336 798 2373 lacunam
830 2335 1013 2372 indicant
1045 2336 1111 2381 K„
1145 2336 1301 2381 Baehr.,
1337 2347 1523 2383 avocam.‚

89 2386 201 2423 cuius
218 2386 329 2424 modi
356 2387 438 2423 sint
465 2386 537 2422 illa
565 2386 667 2422 seria
688 2386 826 2423 Madv.
848 2386 934 2423 adv.
956 2387 1035 2423 III
1048 2388 1123 2423 221
1144 2397 1197 2433 sq.
1301 2389 1347 2422 19
1367 2386 1524 2434 privum

89 2437 165 2483 (vel
184 2437 388 2485 proprium
411 2436 449 2483 .9)
475 2437 704 2474 Rittershus.
722 2436 832 2483 prob.
853 2437 995 2473 Baehr.
1102 2439 1149 2473 20
1177 2436 1314 2474 domus
1334 2437 1452 2474 modo
1472 2438 1526 2483 A,

90 2487 242 2534 Maeli„
262 2500 314 2524 m.
336 2487 474 2524 domus
496 2487 654 2533 Baehm,
674 2499 725 2524 m.
749 2486 883 2523 domos
906 2486 959 2523 K.
1064 2490 1111 2523 24
1138 2499 1171 2524 v.
1194 2487 1391 2534 Hofacker
1404 2499 1446 2535 p.
1461 2490 1523 2526 55.
