<?xml version="1.0" encoding="UTF-8"?>
<!DOCTYPE html PUBLIC "-//W3C//DTD XHTML 1.0 Transitional//EN"
    "http://www.w3.org/TR/xhtml1/DTD/xhtml1-transitional.dtd">
<html xmlns="http://www.w3.org/1999/xhtml" xml:lang="en" lang="en">
 <head>
  <title>
</title>
<meta http-equiv="Content-Type" content="text/html;charset=utf-8" />
  <meta name='ocr-system' content='tesseract 3.04.00' />
  <meta name='ocr-capabilities' content='ocr_page ocr_carea ocr_par ocr_line ocrx_word'/>
</head>
<body>
  <div class='ocr_page' id='page_1' title='image "./epistularumlibr00plin_0247.png"; bbox 0 0 1716 2742; ppageno 0'>
   <div class='ocr_carea' id='block_1_1' title="bbox 497 108 1532 154">
    <p class='ocr_par' dir='ltr' id='par_1_1' title="bbox 497 108 1532 154">
     <span class='ocr_line' id='line_1_1' title="bbox 497 108 1532 154; baseline 0.002 -8"><span class='ocrx_word' id='word_1_1' title='bbox 497 108 860 146; x_wconf 85' lang='lat' dir='ltr'><strong>EPISTULARUM</strong></span> <span class='ocrx_word' id='word_1_2' title='bbox 886 108 977 145; x_wconf 90' lang='lat' dir='ltr'><strong>VIII</strong></span> <span class='ocrx_word' id='word_1_3' title='bbox 1005 112 1064 154; x_wconf 80' lang='lat'>23,</span> <span class='ocrx_word' id='word_1_4' title='bbox 1092 112 1151 145; x_wconf 80' lang='lat'>24.</span> <span class='ocrx_word' id='word_1_5' title='bbox 1444 109 1532 154; x_wconf 79' lang='lat'>231</span> 
     </span>
    </p>
   </div>
   <div class='ocr_carea' id='block_1_2' title="bbox 103 221 1586 283">
    <p class='ocr_par' dir='ltr' id='par_1_2' title="bbox 103 221 1586 283">
     <span class='ocr_line' id='line_1_2' title="bbox 103 221 1586 283; baseline -0.002 -12"><span class='ocrx_word' id='word_1_6' title='bbox 103 225 207 283; x_wconf 80' lang='lat' dir='ltr'>scis,</span> <span class='ocrx_word' id='word_1_7' title='bbox 237 227 389 269; x_wconf 83' lang='lat' dir='ltr'>teneas</span> <span class='ocrx_word' id='word_1_8' title='bbox 416 227 461 268; x_wconf 90' lang='lat' dir='ltr'>et</span> <span class='ocrx_word' id='word_1_9' title='bbox 488 224 696 269; x_wconf 82' lang='lat' dir='ltr'>observes</span> <span class='ocrx_word' id='word_1_10' title='bbox 723 226 802 267; x_wconf 91' lang='lat' dir='ltr'>aut</span> <span class='ocrx_word' id='word_1_11' title='bbox 828 223 1040 279; x_wconf 78' lang='lat' dir='ltr'>respicias</span> <span class='ocrx_word' id='word_1_12' title='bbox 1067 223 1239 267; x_wconf 90' lang='lat' dir='ltr'>melius.</span> <span class='ocrx_word' id='word_1_13' title='bbox 1307 221 1467 281; x_wconf 89' lang='lat' dir='ltr'>Cogita</span> <span class='ocrx_word' id='word_1_14' title='bbox 1492 225 1537 266; x_wconf 91' lang='lat' dir='ltr'>te</span> <span class='ocrx_word' id='word_1_15' title='bbox 1564 235 1586 268; x_wconf 86' lang='lat'><strong>2</strong></span> 
     </span>
    </p>
   </div>
   <div class='ocr_carea' id='block_1_3' title="bbox 42 285 1543 2043">
    <p class='ocr_par' dir='ltr' id='par_1_3' title="bbox 42 285 1543 2043">
     <span class='ocr_line' id='line_1_3' title="bbox 105 285 1537 345; baseline -0.003 -13"><span class='ocrx_word' id='word_1_16' title='bbox 105 289 295 333; x_wconf 81' lang='lat' dir='ltr'>missum</span> <span class='ocrx_word' id='word_1_17' title='bbox 320 287 370 331; x_wconf 89' lang='grc'>111</span> <span class='ocrx_word' id='word_1_18' title='bbox 394 287 675 345; x_wconf 82' lang='lat' dir='ltr'>provinciam</span> <span class='ocrx_word' id='word_1_19' title='bbox 702 285 944 343; x_wconf 79' lang='lat' dir='ltr'><strong>Achaiam,</strong></span> <span class='ocrx_word' id='word_1_20' title='bbox 972 286 1096 329; x_wconf 86' lang='lat' dir='ltr'>illam</span> <span class='ocrx_word' id='word_1_21' title='bbox 1125 301 1276 329; x_wconf 85' lang='lat' dir='ltr'>veram</span> <span class='ocrx_word' id='word_1_22' title='bbox 1303 287 1348 329; x_wconf 91' lang='lat' dir='ltr'>et</span> <span class='ocrx_word' id='word_1_23' title='bbox 1368 301 1537 329; x_wconf 89' lang='lat' dir='ltr'>meram</span> 
     </span>
     <span class='ocr_line' id='line_1_4' title="bbox 106 334 1538 407; baseline -0.003 -12"><span class='ocrx_word' id='word_1_24' title='bbox 106 334 1124 407; x_wconf 57' lang='lat' dir='ltr'>fflmmitaS,</span> <span class='ocrx_word' id='word_1_25' title='bbox 1165 349 1360 405; x_wconf 85' lang='lat' dir='ltr'>litterae,</span> <span class='ocrx_word' id='word_1_26' title='bbox 1403 348 1538 392; x_wconf 87' lang='lat' dir='ltr'>etiam</span> 
     </span>
     <span class='ocr_line' id='line_1_5' title="bbox 104 411 1536 472; baseline -0.002 -15"><span class='ocrx_word' id='word_1_27' title='bbox 104 413 259 472; x_wconf 83' lang='lat' dir='ltr'>fruges</span> <span class='ocrx_word' id='word_1_28' title='bbox 285 413 492 456; x_wconf 84' lang='lat' dir='ltr'>inventae</span> <span class='ocrx_word' id='word_1_29' title='bbox 520 427 615 457; x_wconf 90' lang='lat' dir='ltr'>esse</span> <span class='ocrx_word' id='word_1_30' title='bbox 642 412 903 467; x_wconf 87' lang='lat' dir='ltr'>creduntur,</span> <span class='ocrx_word' id='word_1_31' title='bbox 938 412 1126 455; x_wconf 86' lang='lat' dir='ltr'>missum</span> <span class='ocrx_word' id='word_1_32' title='bbox 1154 411 1209 455; x_wconf 91' lang='lat' dir='ltr'>ad</span> <span class='ocrx_word' id='word_1_33' title='bbox 1238 411 1536 455; x_wconf 87' lang='lat' dir='ltr'>ordinandum</span> 
     </span>
     <span class='ocr_line' id='line_1_6' title="bbox 61 473 1538 520; baseline -0.002 0"><span class='ocrx_word' id='word_1_34' title='bbox 61 488 80 515; x_wconf 77' lang='lat'><strong>⁶</strong></span> <span class='ocrx_word' id='word_1_35' title='bbox 106 478 274 520; x_wconf 85' lang='lat' dir='ltr'>statum</span> <span class='ocrx_word' id='word_1_36' title='bbox 304 475 547 519; x_wconf 89' lang='lat' dir='ltr'>liberarum</span> <span class='ocrx_word' id='word_1_37' title='bbox 574 475 808 519; x_wconf 71' lang='lat' dir='ltr'>civitathm</span> <span class='ocrx_word' id='word_1_38' title='bbox 862 475 907 517; x_wconf 91' lang='lat' dir='ltr'>id</span> <span class='ocrx_word' id='word_1_39' title='bbox 934 477 1003 518; x_wconf 89' lang='lat' dir='ltr'>est</span> <span class='ocrx_word' id='word_1_40' title='bbox 1029 474 1085 517; x_wconf 87' lang='lat' dir='ltr'>ad</span> <span class='ocrx_word' id='word_1_41' title='bbox 1111 473 1318 517; x_wconf 90' lang='lat' dir='ltr'>homines</span> <span class='ocrx_word' id='word_1_42' title='bbox 1346 473 1538 517; x_wconf 79' lang='lat' dir='ltr'><strong>maxime</strong></span> 
     </span>
     <span class='ocr_line' id='line_1_7' title="bbox 106 537 1538 595; baseline -0.002 -12"><span class='ocrx_word' id='word_1_43' title='bbox 106 538 332 595; x_wconf 86' lang='lat' dir='ltr'>homines,</span> <span class='ocrx_word' id='word_1_44' title='bbox 377 538 431 582; x_wconf 89' lang='lat' dir='ltr'>ad</span> <span class='ocrx_word' id='word_1_45' title='bbox 477 538 643 582; x_wconf 88' lang='lat' dir='ltr'>liberos</span> <span class='ocrx_word' id='word_1_46' title='bbox 687 538 881 580; x_wconf 82' lang='lat' dir='ltr'>maxime</span> <span class='ocrx_word' id='word_1_47' title='bbox 923 537 1109 593; x_wconf 88' lang='lat' dir='ltr'>liberos,</span> <span class='ocrx_word' id='word_1_48' title='bbox 1157 538 1234 594; x_wconf 92' lang='lat' dir='ltr'>qui</span> <span class='ocrx_word' id='word_1_49' title='bbox 1277 537 1345 580; x_wconf 89' lang='lat' dir='ltr'>ius</span> <span class='ocrx_word' id='word_1_50' title='bbox 1393 552 1419 580; x_wconf 86' lang='lat' dir='ltr'>a</span> <span class='ocrx_word' id='word_1_51' title='bbox 1462 551 1538 580; x_wconf 89' lang='lat' dir='ltr'>na-</span> 
     </span>
     <span class='ocr_line' id='line_1_8' title="bbox 104 599 1538 656; baseline -0.002 -11"><span class='ocrx_word' id='word_1_52' title='bbox 104 603 208 645; x_wconf 88' lang='lat' dir='ltr'>tura</span> <span class='ocrx_word' id='word_1_53' title='bbox 239 601 395 645; x_wconf 86' lang='lat' dir='ltr'>datum</span> <span class='ocrx_word' id='word_1_54' title='bbox 427 601 611 652; x_wconf 82' lang='lat' dir='ltr'>virtute,</span> <span class='ocrx_word' id='word_1_55' title='bbox 651 600 841 656; x_wconf 87' lang='lat' dir='ltr'>meritis,</span> <span class='ocrx_word' id='word_1_56' title='bbox 882 600 1098 656; x_wconf 86' lang='lat' dir='ltr'>amicitia,</span> <span class='ocrx_word' id='word_1_57' title='bbox 1137 599 1314 643; x_wconf 89' lang='lat' dir='ltr'>foedere</span> <span class='ocrx_word' id='word_1_58' title='bbox 1349 599 1538 656; x_wconf 88' lang='lat' dir='ltr'>denique</span> 
     </span>
     <span class='ocr_line' id='line_1_9' title="bbox 105 662 1539 723; baseline -0.002 -15"><span class='ocrx_word' id='word_1_59' title='bbox 105 666 152 708; x_wconf 89' lang='lat' dir='ltr'>et</span> <span class='ocrx_word' id='word_1_60' title='bbox 195 663 415 723; x_wconf 85' lang='lat' dir='ltr'>religione</span> <span class='ocrx_word' id='word_1_61' title='bbox 459 666 712 707; x_wconf 87' lang='lat' dir='ltr'>tenuerunt.</span> <span class='ocrx_word' id='word_1_62' title='bbox 779 662 998 706; x_wconf 81' lang='lat' dir='ltr'>Reverere</span> <span class='ocrx_word' id='word_1_63' title='bbox 1044 662 1298 706; x_wconf 88' lang='lat' dir='ltr'>conditores</span> <span class='ocrx_word' id='word_1_64' title='bbox 1346 662 1451 706; x_wconf 86' lang='lat' dir='ltr'>deos</span> <span class='ocrx_word' id='word_1_65' title='bbox 1495 664 1539 705; x_wconf 92' lang='lat' dir='ltr'>et</span> 
     </span>
     <span class='ocr_line' id='line_1_10' title="bbox 105 724 1541 784; baseline -0.001 -14"><span class='ocrx_word' id='word_1_66' title='bbox 105 725 293 770; x_wconf 90' lang='lat' dir='ltr'>numina</span> <span class='ocrx_word' id='word_1_67' title='bbox 338 726 524 771; x_wconf 89' lang='lat' dir='ltr'>deorum</span> <span class='ocrx_word' id='word_1_68' title='bbox 532 762 543 783; x_wconf 89' lang='lat'>,</span> <span class='ocrx_word' id='word_1_69' title='bbox 598 741 801 769; x_wconf 84' lang='lat' dir='ltr'>reverere</span> <span class='ocrx_word' id='word_1_70' title='bbox 854 725 1045 784; x_wconf 86' lang='lat' dir='ltr'>gloriam</span> <span class='ocrx_word' id='word_1_71' title='bbox 1091 728 1287 768; x_wconf 89' lang='lat' dir='ltr'>veterem</span> <span class='ocrx_word' id='word_1_72' title='bbox 1335 728 1378 768; x_wconf 92' lang='lat' dir='ltr'>et</span> <span class='ocrx_word' id='word_1_73' title='bbox 1422 724 1541 769; x_wconf 91' lang='lat' dir='ltr'>hanc</span> 
     </span>
     <span class='ocr_line' id='line_1_11' title="bbox 42 787 1540 847; baseline -0.001 -15"><span class='ocrx_word' id='word_1_74' title='bbox 42 801 80 827; x_wconf 81' lang='grc' dir='ltr'>ιο</span> <span class='ocrx_word' id='word_1_75' title='bbox 106 789 251 847; x_wconf 80' lang='lat' dir='ltr'>ipsam</span> <span class='ocrx_word' id='word_1_76' title='bbox 284 791 579 846; x_wconf 85' lang='lat' dir='ltr'>senectutem,</span> <span class='ocrx_word' id='word_1_77' title='bbox 620 804 734 846; x_wconf 90' lang='lat' dir='ltr'>quae</span> <span class='ocrx_word' id='word_1_78' title='bbox 766 788 813 831; x_wconf 92' lang='lat' dir='ltr'>in</span> <span class='ocrx_word' id='word_1_79' title='bbox 846 787 1030 831; x_wconf 90' lang='lat' dir='ltr'>homine</span> <span class='ocrx_word' id='word_1_80' title='bbox 1063 787 1349 843; x_wconf 84' lang='lat' dir='ltr'>venerabilis,</span> <span class='ocrx_word' id='word_1_81' title='bbox 1389 788 1437 831; x_wconf 85' lang='lat' dir='ltr'>in</span> <span class='ocrx_word' id='word_1_82' title='bbox 1469 803 1540 831; x_wconf 90' lang='lat' dir='ltr'>ur-</span> 
     </span>
     <span class='ocr_line' id='line_1_12' title="bbox 105 850 1540 909; baseline -0.001 -13"><span class='ocrx_word' id='word_1_83' title='bbox 105 851 237 896; x_wconf 80' lang='lat' dir='ltr'>bibus</span> <span class='ocrx_word' id='word_1_84' title='bbox 270 866 407 896; x_wconf 86' lang='lat' dir='ltr'>sacra.</span> <span class='ocrx_word' id='word_1_85' title='bbox 474 850 545 895; x_wconf 87' lang='lat' dir='ltr'>Sit</span> <span class='ocrx_word' id='word_1_86' title='bbox 577 851 696 909; x_wconf 87' lang='lat' dir='ltr'>apud</span> <span class='ocrx_word' id='word_1_87' title='bbox 729 854 774 895; x_wconf 88' lang='lat' dir='ltr'>te</span> <span class='ocrx_word' id='word_1_88' title='bbox 807 851 955 895; x_wconf 93' lang='lat' dir='ltr'>honor</span> <span class='ocrx_word' id='word_1_89' title='bbox 981 851 1260 907; x_wconf 85' lang='lat' dir='ltr'>antiquitati,</span> <span class='ocrx_word' id='word_1_90' title='bbox 1294 851 1354 895; x_wconf 91' lang='lat' dir='ltr'>sit</span> <span class='ocrx_word' id='word_1_91' title='bbox 1386 851 1540 909; x_wconf 88' lang='lat' dir='ltr'>ingen-</span> 
     </span>
     <span class='ocr_line' id='line_1_13' title="bbox 104 912 1540 971; baseline -0.001 -13"><span class='ocrx_word' id='word_1_92' title='bbox 104 914 228 959; x_wconf 85' lang='lat' dir='ltr'>tibus</span> <span class='ocrx_word' id='word_1_93' title='bbox 260 914 411 971; x_wconf 90' lang='lat' dir='ltr'>factis,</span> <span class='ocrx_word' id='word_1_94' title='bbox 451 914 510 958; x_wconf 90' lang='lat' dir='ltr'>sit</span> <span class='ocrx_word' id='word_1_95' title='bbox 549 914 715 958; x_wconf 86' lang='lat' dir='ltr'>fabulis</span> <span class='ocrx_word' id='word_1_96' title='bbox 750 928 941 971; x_wconf 90' lang='lat' dir='ltr'>quoque.</span> <span class='ocrx_word' id='word_1_97' title='bbox 1007 912 1139 957; x_wconf 89' lang='lat' dir='ltr'>Nihil</span> <span class='ocrx_word' id='word_1_98' title='bbox 1177 929 1232 957; x_wconf 82' lang='lat' dir='ltr'>ex</span> <span class='ocrx_word' id='word_1_99' title='bbox 1274 913 1540 971; x_wconf 89' lang='lat' dir='ltr'>cuiusquam</span> 
     </span>
     <span class='ocr_line' id='line_1_14' title="bbox 106 976 1540 1036; baseline -0.001 -16"><span class='ocrx_word' id='word_1_100' title='bbox 106 976 346 1036; x_wconf 82' lang='lat' dir='ltr'>dignitate,</span> <span class='ocrx_word' id='word_1_101' title='bbox 384 976 502 1021; x_wconf 87' lang='lat' dir='ltr'>nihil</span> <span class='ocrx_word' id='word_1_102' title='bbox 533 993 589 1021; x_wconf 86' lang='lat' dir='ltr'>ex</span> <span class='ocrx_word' id='word_1_103' title='bbox 620 977 848 1033; x_wconf 89' lang='lat' dir='ltr'>libertate,</span> <span class='ocrx_word' id='word_1_104' title='bbox 887 976 1003 1020; x_wconf 81' lang='lat' dir='ltr'>nihil</span> <span class='ocrx_word' id='word_1_105' title='bbox 1042 977 1177 1020; x_wconf 88' lang='lat' dir='ltr'>etiam</span> <span class='ocrx_word' id='word_1_106' title='bbox 1212 992 1267 1020; x_wconf 84' lang='lat' dir='ltr'>ex</span> <span class='ocrx_word' id='word_1_107' title='bbox 1299 976 1540 1020; x_wconf 90' lang='lat' dir='ltr'>iactatione</span> 
     </span>
     <span class='ocr_line' id='line_1_15' title="bbox 106 1038 1541 1098; baseline -0.001 -14"><span class='ocrx_word' id='word_1_108' title='bbox 106 1039 391 1098; x_wconf 77' lang='lat' dir='ltr'>decerpseris.</span> <span class='ocrx_word' id='word_1_109' title='bbox 443 1039 572 1084; x_wconf 85' lang='lat' dir='ltr'>Habe</span> <span class='ocrx_word' id='word_1_110' title='bbox 606 1042 708 1083; x_wconf 89' lang='lat' dir='ltr'>ante</span> <span class='ocrx_word' id='word_1_111' title='bbox 743 1040 897 1084; x_wconf 92' lang='lat' dir='ltr'>oculos</span> <span class='ocrx_word' id='word_1_112' title='bbox 931 1038 1048 1083; x_wconf 90' lang='lat' dir='ltr'>hanc</span> <span class='ocrx_word' id='word_1_113' title='bbox 1081 1054 1176 1083; x_wconf 89' lang='lat' dir='ltr'>esse</span> <span class='ocrx_word' id='word_1_114' title='bbox 1209 1042 1393 1095; x_wconf 88' lang='lat' dir='ltr'>terram,</span> <span class='ocrx_word' id='word_1_115' title='bbox 1428 1054 1541 1096; x_wconf 88' lang='lat' dir='ltr'>quae</span> 
     </span>
     <span class='ocr_line' id='line_1_16' title="bbox 44 1100 1542 1161; baseline -0.002 -14"><span class='ocrx_word' id='word_1_116' title='bbox 44 1113 80 1142; x_wconf 78' lang='lat'>1⁶</span> <span class='ocrx_word' id='word_1_117' title='bbox 106 1100 238 1147; x_wconf 83' lang='lat' dir='ltr'>nobis</span> <span class='ocrx_word' id='word_1_118' title='bbox 271 1102 445 1147; x_wconf 87' lang='lat' dir='ltr'>miserit</span> <span class='ocrx_word' id='word_1_119' title='bbox 476 1102 593 1160; x_wconf 86' lang='lat' dir='ltr'>iura,</span> <span class='ocrx_word' id='word_1_120' title='bbox 628 1118 741 1160; x_wconf 89' lang='lat' dir='ltr'>quae</span> <span class='ocrx_word' id='word_1_121' title='bbox 773 1102 896 1161; x_wconf 89' lang='lat' dir='ltr'>leges</span> <span class='ocrx_word' id='word_1_122' title='bbox 930 1117 1023 1146; x_wconf 91' lang='lat' dir='ltr'>non</span> <span class='ocrx_word' id='word_1_123' title='bbox 1055 1102 1210 1158; x_wconf 86' lang='lat' dir='ltr'>victis,</span> <span class='ocrx_word' id='word_1_124' title='bbox 1244 1102 1318 1145; x_wconf 87' lang='lat' dir='ltr'>sed</span> <span class='ocrx_word' id='word_1_125' title='bbox 1353 1102 1542 1159; x_wconf 89' lang='lat' dir='ltr'>petenti-</span> 
     </span>
     <span class='ocr_line' id='line_1_17' title="bbox 106 1164 1540 1222; baseline -0.001 -12"><span class='ocrx_word' id='word_1_126' title='bbox 106 1165 190 1210; x_wconf 85' lang='lat' dir='ltr'>bus</span> <span class='ocrx_word' id='word_1_127' title='bbox 223 1164 415 1222; x_wconf 75' lang='lat' dir='ltr'>dederit,</span> <span class='ocrx_word' id='word_1_128' title='bbox 447 1164 650 1209; x_wconf 75' lang='lat' dir='ltr'>Athenas</span> <span class='ocrx_word' id='word_1_129' title='bbox 685 1180 801 1222; x_wconf 89' lang='lat' dir='ltr'>esse,</span> <span class='ocrx_word' id='word_1_130' title='bbox 835 1180 945 1222; x_wconf 89' lang='lat' dir='ltr'>quas</span> <span class='ocrx_word' id='word_1_131' title='bbox 973 1165 1127 1221; x_wconf 90' lang='lat' dir='ltr'>adeas,</span> <span class='ocrx_word' id='word_1_132' title='bbox 1159 1164 1540 1208; x_wconf 77' lang='lat' dir='ltr'>Lacedaemonem</span> 
     </span>
     <span class='ocr_line' id='line_1_18' title="bbox 105 1227 1541 1298; baseline -0.001 -26"><span class='ocrx_word' id='word_1_133' title='bbox 105 1243 222 1286; x_wconf 86' lang='lat' dir='ltr'>esse,</span> <span class='ocrx_word' id='word_1_134' title='bbox 254 1243 390 1286; x_wconf 87' lang='lat' dir='ltr'>quam</span> <span class='ocrx_word' id='word_1_135' title='bbox 411 1243 561 1287; x_wconf 84' lang='lat' dir='ltr'>regas3</span> <span class='ocrx_word' id='word_1_136' title='bbox 595 1228 757 1298; x_wconf 89' lang='lat' dir='ltr'>quibus</span> <span class='ocrx_word' id='word_1_137' title='bbox 778 1228 999 1285; x_wconf 88' lang='lat' dir='ltr'>reliquam</span> <span class='ocrx_word' id='word_1_138' title='bbox 1019 1227 1226 1271; x_wconf 90' lang='lat' dir='ltr'>umbram</span> <span class='ocrx_word' id='word_1_139' title='bbox 1247 1230 1292 1271; x_wconf 91' lang='lat' dir='ltr'>et</span> <span class='ocrx_word' id='word_1_140' title='bbox 1311 1227 1541 1271; x_wconf 88' lang='lat' dir='ltr'>residuum</span> 
     </span>
     <span class='ocr_line' id='line_1_19' title="bbox 103 1289 1541 1349; baseline -0.001 -14"><span class='ocrx_word' id='word_1_141' title='bbox 103 1291 327 1335; x_wconf 75' lang='lat' dir='ltr'>libertatis</span> <span class='ocrx_word' id='word_1_142' title='bbox 359 1306 527 1335; x_wconf 91' lang='lat' dir='ltr'>nomen</span> <span class='ocrx_word' id='word_1_143' title='bbox 559 1292 729 1349; x_wconf 88' lang='lat' dir='ltr'>eripere</span> <span class='ocrx_word' id='word_1_144' title='bbox 764 1291 944 1347; x_wconf 89' lang='lat' dir='ltr'>durum,</span> <span class='ocrx_word' id='word_1_145' title='bbox 984 1291 1150 1347; x_wconf 86' lang='lat' dir='ltr'>ferum,</span> <span class='ocrx_word' id='word_1_146' title='bbox 1189 1289 1429 1334; x_wconf 88' lang='lat' dir='ltr'>barbarum</span> <span class='ocrx_word' id='word_1_147' title='bbox 1462 1292 1541 1334; x_wconf 91' lang='lat' dir='ltr'>est.</span> 
     </span>
     <span class='ocr_line' id='line_1_20' title="bbox 105 1352 1543 1411; baseline -0.001 -13"><span class='ocrx_word' id='word_1_148' title='bbox 105 1353 246 1398; x_wconf 87' lang='lat' dir='ltr'>Vides</span> <span class='ocrx_word' id='word_1_149' title='bbox 299 1370 325 1397; x_wconf 89' lang='lat' dir='ltr'>a</span> <span class='ocrx_word' id='word_1_150' title='bbox 376 1354 580 1410; x_wconf 88' lang='lat' dir='ltr'>medicis,</span> <span class='ocrx_word' id='word_1_151' title='bbox 634 1369 908 1411; x_wconf 87' lang='lat' dir='ltr'>quamquam</span> <span class='ocrx_word' id='word_1_152' title='bbox 962 1353 1010 1396; x_wconf 89' lang='lat' dir='ltr'>in</span> <span class='ocrx_word' id='word_1_153' title='bbox 1056 1353 1241 1397; x_wconf 87' lang='lat' dir='ltr'>adversa</span> <span class='ocrx_word' id='word_1_154' title='bbox 1287 1352 1543 1396; x_wconf 86' lang='lat' dir='ltr'>valetudine</span> 
     </span>
     <span class='ocr_line' id='line_1_21' title="bbox 43 1415 1542 1473; baseline -0.001 -13"><span class='ocrx_word' id='word_1_155' title='bbox 43 1428 80 1455; x_wconf 77' lang='lat'>²0</span> <span class='ocrx_word' id='word_1_156' title='bbox 106 1416 220 1460; x_wconf 87' lang='lat' dir='ltr'>nihil</span> <span class='ocrx_word' id='word_1_157' title='bbox 261 1417 379 1461; x_wconf 88' lang='lat' dir='ltr'>servi</span> <span class='ocrx_word' id='word_1_158' title='bbox 421 1432 473 1461; x_wconf 91' lang='lat' dir='ltr'>ac</span> <span class='ocrx_word' id='word_1_159' title='bbox 514 1417 644 1461; x_wconf 89' lang='lat' dir='ltr'>liberi</span> <span class='ocrx_word' id='word_1_160' title='bbox 688 1416 914 1473; x_wconf 84' lang='lat' dir='ltr'>differant,</span> <span class='ocrx_word' id='word_1_161' title='bbox 956 1416 1138 1460; x_wconf 90' lang='lat' dir='ltr'>mollius</span> <span class='ocrx_word' id='word_1_162' title='bbox 1182 1418 1335 1459; x_wconf 88' lang='lat' dir='ltr'>tamen</span> <span class='ocrx_word' id='word_1_163' title='bbox 1375 1415 1542 1460; x_wconf 87' lang='lat' dir='ltr'>liberos</span> 
     </span>
     <span class='ocr_line' id='line_1_22' title="bbox 106 1477 1543 1537; baseline -0.001 -13"><span class='ocrx_word' id='word_1_164' title='bbox 106 1479 463 1537; x_wconf 84' lang='lat' dir='ltr'>clementiusque</span> <span class='ocrx_word' id='word_1_165' title='bbox 496 1480 691 1524; x_wconf 89' lang='lat' dir='ltr'>tractari.</span> <span class='ocrx_word' id='word_1_166' title='bbox 757 1478 1028 1535; x_wconf 86' lang='lat' dir='ltr'>Recordare,</span> <span class='ocrx_word' id='word_1_167' title='bbox 1063 1478 1171 1535; x_wconf 85' lang='lat' dir='ltr'>quid</span> <span class='ocrx_word' id='word_1_168' title='bbox 1198 1493 1402 1535; x_wconf 89' lang='lat' dir='ltr'>quaeque</span> <span class='ocrx_word' id='word_1_169' title='bbox 1436 1477 1543 1523; x_wconf 82' lang='lat' dir='ltr'>civi·</span> 
     </span>
     <span class='ocr_line' id='line_1_23' title="bbox 105 1540 1543 1600; baseline -0.002 -13"><span class='ocrx_word' id='word_1_170' title='bbox 105 1545 175 1587; x_wconf 89' lang='lat' dir='ltr'>tas</span> <span class='ocrx_word' id='word_1_171' title='bbox 206 1542 361 1600; x_wconf 83' lang='lat' dir='ltr'>fuerit,</span> <span class='ocrx_word' id='word_1_172' title='bbox 404 1558 497 1587; x_wconf 91' lang='lat' dir='ltr'>non</span> <span class='ocrx_word' id='word_1_173' title='bbox 530 1545 581 1586; x_wconf 90' lang='lat' dir='ltr'>ut</span> <span class='ocrx_word' id='word_1_174' title='bbox 614 1542 855 1599; x_wconf 84' lang='lat' dir='ltr'>despicias,</span> <span class='ocrx_word' id='word_1_175' title='bbox 898 1541 1018 1599; x_wconf 90' lang='lat' dir='ltr'>quod</span> <span class='ocrx_word' id='word_1_176' title='bbox 1053 1556 1148 1585; x_wconf 88' lang='lat' dir='ltr'>esse</span> <span class='ocrx_word' id='word_1_177' title='bbox 1181 1540 1381 1598; x_wconf 84' lang='lat' dir='ltr'>desierit3</span> <span class='ocrx_word' id='word_1_178' title='bbox 1426 1541 1543 1586; x_wconf 88' lang='lat' dir='ltr'>absit</span> 
     </span>
     <span class='ocr_line' id='line_1_24' title="bbox 106 1603 1543 1667; baseline 0.001 -18"><span class='ocrx_word' id='word_1_179' title='bbox 106 1605 334 1664; x_wconf 87' lang='lat' dir='ltr'>superbia,</span> <span class='ocrx_word' id='word_1_180' title='bbox 382 1605 609 1663; x_wconf 81' lang='lat' dir='ltr'>asperitas.</span> <span class='ocrx_word' id='word_1_181' title='bbox 688 1604 786 1652; x_wconf 86' lang='lat' dir='ltr'>Nec</span> <span class='ocrx_word' id='word_1_182' title='bbox 828 1604 1031 1651; x_wconf 81' lang='lat' dir='ltr'>timueris</span> <span class='ocrx_word' id='word_1_183' title='bbox 1081 1606 1402 1667; x_wconf 83' lang='lat' dir='ltr'>contemptum.</span> <span class='ocrx_word' id='word_1_184' title='bbox 1469 1603 1543 1651; x_wconf 85' lang='lat' dir='ltr'>An</span> 
     </span>
     <span class='ocr_line' id='line_1_25' title="bbox 108 1668 1543 1730; baseline 0.001 -15"><span class='ocrx_word' id='word_1_185' title='bbox 108 1668 433 1730; x_wconf 83' lang='lat' dir='ltr'>contemnitur,</span> <span class='ocrx_word' id='word_1_186' title='bbox 467 1670 544 1730; x_wconf 90' lang='lat' dir='ltr'>qui</span> <span class='ocrx_word' id='word_1_187' title='bbox 578 1672 839 1730; x_wconf 87' lang='lat' dir='ltr'>imperium,</span> <span class='ocrx_word' id='word_1_188' title='bbox 872 1671 949 1730; x_wconf 87' lang='lat' dir='ltr'>qui</span> <span class='ocrx_word' id='word_1_189' title='bbox 983 1670 1126 1717; x_wconf 84' lang='lat' dir='ltr'>fasces</span> <span class='ocrx_word' id='word_1_190' title='bbox 1154 1670 1307 1729; x_wconf 81' lang='lat' dir='ltr'>habet,</span> <span class='ocrx_word' id='word_1_191' title='bbox 1341 1671 1429 1717; x_wconf 83' lang='lat' dir='ltr'>nisi</span> <span class='ocrx_word' id='word_1_192' title='bbox 1461 1670 1543 1716; x_wconf 83' lang='lat' dir='ltr'>hu-</span> 
     </span>
     <span class='ocr_line' id='line_1_26' title="bbox 44 1734 1543 1793; baseline 0.002 -17"><span class='ocrx_word' id='word_1_193' title='bbox 44 1747 82 1775; x_wconf 68' lang='grc'>15</span> <span class='ocrx_word' id='word_1_194' title='bbox 107 1734 228 1778; x_wconf 82' lang='grc'><strong>1111118</strong></span> <span class='ocrx_word' id='word_1_195' title='bbox 269 1737 313 1778; x_wconf 92' lang='lat' dir='ltr'>et</span> <span class='ocrx_word' id='word_1_196' title='bbox 352 1734 575 1792; x_wconf 86' lang='lat' dir='ltr'>sordidus,</span> <span class='ocrx_word' id='word_1_197' title='bbox 622 1739 667 1779; x_wconf 90' lang='lat' dir='ltr'>et</span> <span class='ocrx_word' id='word_1_198' title='bbox 707 1736 784 1792; x_wconf 88' lang='lat' dir='ltr'>qui</span> <span class='ocrx_word' id='word_1_199' title='bbox 828 1751 874 1779; x_wconf 92' lang='grc'><strong>80</strong></span> <span class='ocrx_word' id='word_1_200' title='bbox 914 1736 1086 1793; x_wconf 90' lang='lat' dir='ltr'>primus</span> <span class='ocrx_word' id='word_1_201' title='bbox 1127 1736 1223 1793; x_wconf 89' lang='lat' dir='ltr'>ipse</span> <span class='ocrx_word' id='word_1_202' title='bbox 1263 1736 1543 1780; x_wconf 81' lang='lat' dir='ltr'>contemnit?</span> 
     </span>
     <span class='ocr_line' id='line_1_27' title="bbox 107 1795 1542 1856; baseline 0.001 -16"><span class='ocrx_word' id='word_1_203' title='bbox 107 1795 225 1841; x_wconf 87' lang='lat' dir='ltr'>Male</span> <span class='ocrx_word' id='word_1_204' title='bbox 251 1797 343 1841; x_wconf 83' lang='lat' dir='ltr'>vim</span> <span class='ocrx_word' id='word_1_205' title='bbox 374 1813 500 1841; x_wconf 89' lang='lat' dir='ltr'>suam</span> <span class='ocrx_word' id='word_1_206' title='bbox 532 1800 733 1856; x_wconf 89' lang='lat' dir='ltr'>potestas</span> <span class='ocrx_word' id='word_1_207' title='bbox 760 1798 953 1842; x_wconf 89' lang='lat' dir='ltr'>aliorum</span> <span class='ocrx_word' id='word_1_208' title='bbox 987 1798 1273 1842; x_wconf 87' lang='lat' dir='ltr'>contumeliis</span> <span class='ocrx_word' id='word_1_209' title='bbox 1301 1799 1542 1855; x_wconf 86' lang='lat' dir='ltr'>experitur,</span> 
     </span>
     <span class='ocr_line' id='line_1_28' title="bbox 106 1859 1543 1920; baseline 0 -16"><span class='ocrx_word' id='word_1_210' title='bbox 106 1859 224 1904; x_wconf 88' lang='lat' dir='ltr'>male</span> <span class='ocrx_word' id='word_1_211' title='bbox 263 1862 433 1904; x_wconf 84' lang='lat' dir='ltr'>terrore</span> <span class='ocrx_word' id='word_1_212' title='bbox 472 1861 702 1905; x_wconf 87' lang='lat' dir='ltr'>veneratio</span> <span class='ocrx_word' id='word_1_213' title='bbox 745 1860 1017 1919; x_wconf 87' lang='lat' dir='ltr'>adquiritur,</span> <span class='ocrx_word' id='word_1_214' title='bbox 1055 1861 1280 1920; x_wconf 89' lang='lat' dir='ltr'>longeque</span> <span class='ocrx_word' id='word_1_215' title='bbox 1320 1861 1543 1905; x_wconf 79' lang='lat' dir='ltr'>valentior</span> 
     </span>
     <span class='ocr_line' id='line_1_29' title="bbox 105 1922 1542 1982; baseline 0.001 -16"><span class='ocrx_word' id='word_1_216' title='bbox 105 1937 234 1966; x_wconf 90' lang='lat' dir='ltr'>amor</span> <span class='ocrx_word' id='word_1_217' title='bbox 266 1922 321 1966; x_wconf 92' lang='lat' dir='ltr'>ad</span> <span class='ocrx_word' id='word_1_218' title='bbox 356 1923 670 1980; x_wconf 86' lang='lat' dir='ltr'>obtinendum,</span> <span class='ocrx_word' id='word_1_219' title='bbox 714 1924 836 1981; x_wconf 92' lang='lat' dir='ltr'>quod</span> <span class='ocrx_word' id='word_1_220' title='bbox 868 1923 998 1980; x_wconf 84' lang='lat' dir='ltr'>velis,</span> <span class='ocrx_word' id='word_1_221' title='bbox 1039 1939 1175 1982; x_wconf 89' lang='lat' dir='ltr'>quam</span> <span class='ocrx_word' id='word_1_222' title='bbox 1208 1924 1356 1968; x_wconf 90' lang='lat' dir='ltr'>timor.</span> <span class='ocrx_word' id='word_1_223' title='bbox 1422 1923 1542 1967; x_wconf 90' lang='lat' dir='ltr'>Nam</span> 
     </span>
     <span class='ocr_line' id='line_1_30' title="bbox 105 1985 1542 2043; baseline 0.001 -14"><span class='ocrx_word' id='word_1_224' title='bbox 105 1986 246 2029; x_wconf 89' lang='lat' dir='ltr'>timor</span> <span class='ocrx_word' id='word_1_225' title='bbox 277 1985 388 2041; x_wconf 90' lang='lat' dir='ltr'>abit,</span> <span class='ocrx_word' id='word_1_226' title='bbox 433 1986 470 2029; x_wconf 90' lang='lat' dir='ltr'>si</span> <span class='ocrx_word' id='word_1_227' title='bbox 503 1986 703 2043; x_wconf 90' lang='lat' dir='ltr'>recedas,</span> <span class='ocrx_word' id='word_1_228' title='bbox 746 1989 898 2030; x_wconf 86' lang='lat' dir='ltr'>manet</span> <span class='ocrx_word' id='word_1_229' title='bbox 937 2002 1084 2043; x_wconf 89' lang='lat' dir='ltr'>amor,</span> <span class='ocrx_word' id='word_1_230' title='bbox 1126 2002 1178 2031; x_wconf 92' lang='lat' dir='ltr'>ac</span> <span class='ocrx_word' id='word_1_231' title='bbox 1219 1986 1335 2031; x_wconf 90' lang='lat' dir='ltr'>sicut</span> <span class='ocrx_word' id='word_1_232' title='bbox 1377 1987 1454 2030; x_wconf 87' lang='lat' dir='ltr'>ille</span> <span class='ocrx_word' id='word_1_233' title='bbox 1494 1986 1542 2030; x_wconf 91' lang='lat' dir='ltr'>in</span> 
     </span>
    </p>
   </div>
   <div class='ocr_carea' id='block_1_4' title="bbox 109 509 829 538">
    <p class='ocr_par' dir='ltr' id='par_1_4' title="bbox 109 509 829 538">
     <span class='ocr_line' id='line_1_31' title="bbox 109 509 829 538; baseline 0 2204"><span class='ocrx_word' id='word_1_234' title='bbox 109 509 829 538; x_wconf 95' lang='lat' dir='ltr'> </span> 
     </span>
    </p>
   </div>
   <div class='ocr_carea' id='block_1_5' title="bbox 1567 673 1588 705">
    <p class='ocr_par' dir='ltr' id='par_1_5' title="bbox 1567 673 1588 705">
     <span class='ocr_line' id='line_1_32' title="bbox 1567 673 1588 705; baseline 0 0"><span class='ocrx_word' id='word_1_235' title='bbox 1567 673 1588 705; x_wconf 86' lang='lat'><strong>3</strong></span> 
     </span>
    </p>
   </div>
   <div class='ocr_carea' id='block_1_6' title="bbox 1570 1364 1592 1396">
    <p class='ocr_par' dir='ltr' id='par_1_6' title="bbox 1570 1364 1592 1396">
     <span class='ocr_line' id='line_1_33' title="bbox 1570 1364 1592 1396; baseline 0 0"><span class='ocrx_word' id='word_1_236' title='bbox 1570 1364 1592 1396; x_wconf 86' lang='lat'>5</span> 
     </span>
    </p>
   </div>
   <div class='ocr_carea' id='block_1_7' title="bbox 0 2048 1590 2097">
    <p class='ocr_par' dir='ltr' id='par_1_7' title="bbox 0 2048 1590 2097">
     <span class='ocr_line' id='line_1_34' title="bbox 0 2048 1590 2097; baseline 0.001 -7"><span class='ocrx_word' id='word_1_237' title='bbox 0 2094 1 2097; x_wconf 11' lang='grc' dir='ltr'><strong>Ἴ</strong></span> <span class='ocrx_word' id='word_1_238' title='bbox 42 2062 81 2090; x_wconf 71' lang='lat' dir='ltr'>ao</span> <span class='ocrx_word' id='word_1_239' title='bbox 108 2048 261 2093; x_wconf 87' lang='lat' dir='ltr'>odium</span> <span class='ocrx_word' id='word_1_240' title='bbox 295 2048 382 2092; x_wconf 58' lang='lat' dir='ltr'>‘hic</span> <span class='ocrx_word' id='word_1_241' title='bbox 428 2049 474 2092; x_wconf 89' lang='lat' dir='ltr'>in</span> <span class='ocrx_word' id='word_1_242' title='bbox 518 2049 814 2093; x_wconf 88' lang='lat' dir='ltr'>reverentiam</span> <span class='ocrx_word' id='word_1_243' title='bbox 860 2050 1063 2093; x_wconf 86' lang='lat' dir='ltr'>vertitur.</span> <span class='ocrx_word' id='word_1_244' title='bbox 1142 2049 1205 2093; x_wconf 91' lang='lat' dir='ltr'>Te</span> <span class='ocrx_word' id='word_1_245' title='bbox 1251 2064 1357 2093; x_wconf 80' lang='lat' dir='ltr'>vero</span> <span class='ocrx_word' id='word_1_246' title='bbox 1404 2049 1540 2092; x_wconf 88' lang='lat' dir='ltr'>etiam</span> <span class='ocrx_word' id='word_1_247' title='bbox 1571 2061 1590 2093; x_wconf 72' lang='lat'><strong>7</strong></span> 
     </span>
    </p>
   </div>
   <div class='ocr_carea' id='block_1_8' title="bbox 105 2109 1543 2232">
    <p class='ocr_par' dir='ltr' id='par_1_8' title="bbox 105 2109 1543 2232">
     <span class='ocr_line' id='line_1_35' title="bbox 107 2109 1543 2170; baseline 0.001 -16"><span class='ocrx_word' id='word_1_248' title='bbox 107 2114 241 2169; x_wconf 90' lang='lat' dir='ltr'>atque</span> <span class='ocrx_word' id='word_1_249' title='bbox 275 2111 409 2155; x_wconf 90' lang='lat' dir='ltr'>etiam</span> <span class='ocrx_word' id='word_1_250' title='bbox 444 2110 664 2169; x_wconf 88' lang='lat' dir='ltr'>(repetam</span> <span class='ocrx_word' id='word_1_251' title='bbox 705 2109 845 2170; x_wconf 91' lang='lat' dir='ltr'>enim)</span> <span class='ocrx_word' id='word_1_252' title='bbox 886 2112 1142 2156; x_wconf 84' lang='lat' dir='ltr'>meminisse</span> <span class='ocrx_word' id='word_1_253' title='bbox 1183 2114 1362 2169; x_wconf 90' lang='lat' dir='ltr'>oportet</span> <span class='ocrx_word' id='word_1_254' title='bbox 1401 2111 1543 2156; x_wconf 87' lang='lat' dir='ltr'>officii</span> 
     </span>
     <span class='ocr_line' id='line_1_36' title="bbox 105 2174 1542 2232; baseline 0.001 -15"><span class='ocrx_word' id='word_1_255' title='bbox 105 2174 174 2218; x_wconf 88' lang='lat' dir='ltr'>tui</span> <span class='ocrx_word' id='word_1_256' title='bbox 206 2174 391 2218; x_wconf 87' lang='lat' dir='ltr'>titulum</span> <span class='ocrx_word' id='word_1_257' title='bbox 426 2188 477 2218; x_wconf 92' lang='lat' dir='ltr'>ac</span> <span class='ocrx_word' id='word_1_258' title='bbox 509 2174 593 2218; x_wconf 89' lang='lat' dir='ltr'>tibi</span> <span class='ocrx_word' id='word_1_259' title='bbox 626 2175 775 2232; x_wconf 88' lang='lat' dir='ltr'>ipsum</span> <span class='ocrx_word' id='word_1_260' title='bbox 803 2175 1107 2232; x_wconf 90' lang='lat' dir='ltr'>interpretari,</span> <span class='ocrx_word' id='word_1_261' title='bbox 1141 2175 1271 2232; x_wconf 86' lang='lat' dir='ltr'>quale</span> <span class='ocrx_word' id='word_1_262' title='bbox 1306 2176 1542 2231; x_wconf 92' lang='lat' dir='ltr'>quantum-</span> 
     </span>
    </p>
   </div>
   <div class='ocr_carea' id='block_1_9' title="bbox 110 2245 409 2248">
    <p class='ocr_par' dir='ltr' id='par_1_9' title="bbox 110 2245 409 2248">
     <span class='ocr_line' id='line_1_37' title="bbox 110 2245 409 2248; baseline 0 0"><span class='ocrx_word' id='word_1_263' title='bbox 110 2245 409 2248; x_wconf 95' lang='lat' dir='ltr'> </span> 
     </span>
    </p>
   </div>
   <div class='ocr_carea' id='block_1_10' title="bbox 101 2296 1542 2546">
    <p class='ocr_par' dir='ltr' id='par_1_10' title="bbox 101 2296 1542 2546">
     <span class='ocr_line' id='line_1_38' title="bbox 209 2296 1542 2343; baseline 0.001 -10"><span class='ocrx_word' id='word_1_264' title='bbox 209 2297 257 2333; x_wconf 75' lang='lat'>1*</span> <span class='ocrx_word' id='word_1_265' title='bbox 277 2298 347 2333; x_wconf 90' lang='lat' dir='ltr'>aut</span> <span class='ocrx_word' id='word_1_266' title='bbox 368 2297 470 2333; x_wconf 83' lang='lat' dir='ltr'>scias</span> <span class='ocrx_word' id='word_1_267' title='bbox 491 2296 632 2333; x_wconf 74' lang='lat' dir='ltr'>mehus</span> <span class='ocrx_word' id='word_1_268' title='bbox 654 2310 691 2342; x_wconf 89' lang='lat' dir='ltr'>a,</span> <span class='ocrx_word' id='word_1_269' title='bbox 713 2298 865 2343; x_wconf 68' lang='lat' dir='ltr'>Gatan„</span> <span class='ocrx_word' id='word_1_270' title='bbox 880 2299 932 2335; x_wconf 80' lang='lat' dir='ltr'>K.</span> <span class='ocrx_word' id='word_1_271' title='bbox 948 2300 983 2342; x_wconf 90' lang='lat' dir='ltr'>I,</span> <span class='ocrx_word' id='word_1_272' title='bbox 1005 2298 1106 2343; x_wconf 80' lang='lat' dir='ltr'>Otto,</span> <span class='ocrx_word' id='word_1_273' title='bbox 1128 2297 1279 2341; x_wconf 70' lang='lat' dir='ltr'>Muell„</span> <span class='ocrx_word' id='word_1_274' title='bbox 1301 2298 1371 2333; x_wconf 88' lang='lat' dir='ltr'>aut</span> <span class='ocrx_word' id='word_1_275' title='bbox 1391 2297 1542 2334; x_wconf 88' lang='lat' dir='ltr'>nescire</span> 
     </span>
     <span class='ocr_line' id='line_1_39' title="bbox 105 2347 1541 2396; baseline 0 -12"><span class='ocrx_word' id='word_1_276' title='bbox 105 2347 196 2384; x_wconf 85' lang='lat' dir='ltr'>mel.</span> <span class='ocrx_word' id='word_1_277' title='bbox 225 2348 277 2384; x_wconf 88' lang='lat' dir='ltr'><strong><em>M</em></strong></span> <span class='ocrx_word' id='word_1_278' title='bbox 285 2360 318 2393; x_wconf 85' lang='lat' dir='ltr'>r,</span> <span class='ocrx_word' id='word_1_279' title='bbox 353 2348 405 2385; x_wconf 90' lang='lat' dir='ltr'>K.</span> <span class='ocrx_word' id='word_1_280' title='bbox 428 2348 487 2392; x_wconf 90' lang='lat' dir='ltr'>II,</span> <span class='ocrx_word' id='word_1_281' title='bbox 522 2349 591 2383; x_wconf 87' lang='lat' dir='ltr'>aut</span> <span class='ocrx_word' id='word_1_282' title='bbox 624 2347 815 2394; x_wconf 79' lang='lat' dir='ltr'>respicias</span> <span class='ocrx_word' id='word_1_283' title='bbox 846 2348 936 2385; x_wconf 90' lang='lat' dir='ltr'>mel.</span> <span class='ocrx_word' id='word_1_284' title='bbox 965 2360 1044 2396; x_wconf 77' lang='lat' dir='ltr'>eyo,</span> <span class='ocrx_word' id='word_1_285' title='bbox 1075 2360 1108 2384; x_wconf 77' lang='lat' dir='ltr'>v.</span> <span class='ocrx_word' id='word_1_286' title='bbox 1140 2359 1179 2394; x_wconf 82' lang='lat' dir='ltr'>p.</span> <span class='ocrx_word' id='word_1_287' title='bbox 1205 2350 1294 2392; x_wconf 79' lang='lat'>232,</span> <span class='ocrx_word' id='word_1_288' title='bbox 1323 2351 1370 2384; x_wconf 84' lang='lat'>15</span> <span class='ocrx_word' id='word_1_289' title='bbox 1398 2359 1464 2394; x_wconf 67' lang='lat' dir='ltr'>sq„</span> <span class='ocrx_word' id='word_1_290' title='bbox 1491 2347 1541 2393; x_wconf 81' lang='lat' dir='ltr'>cf.</span> 
     </span>
     <span class='ocr_line' id='line_1_40' title="bbox 101 2397 1541 2446; baseline 0.001 -12"><span class='ocrx_word' id='word_1_291' title='bbox 101 2409 242 2445; x_wconf 73' lang='lat' dir='ltr'>paneq.</span> <span class='ocrx_word' id='word_1_292' title='bbox 264 2400 327 2443; x_wconf 84' lang='lat'>62,</span> <span class='ocrx_word' id='word_1_293' title='bbox 347 2401 382 2434; x_wconf 89' lang='lat'>9.</span> <span class='ocrx_word' id='word_1_294' title='bbox 489 2401 509 2433; x_wconf 90' lang='lat'><strong>3</strong></span> <span class='ocrx_word' id='word_1_295' title='bbox 531 2398 571 2433; x_wconf 90' lang='lat' dir='ltr'>in</span> <span class='ocrx_word' id='word_1_296' title='bbox 594 2409 674 2444; x_wconf 91' lang='lat' dir='ltr'>qua</span> <span class='ocrx_word' id='word_1_297' title='bbox 693 2398 865 2444; x_wconf 86' lang='lat' dir='ltr'>primum</span> <span class='ocrx_word' id='word_1_298' title='bbox 886 2399 948 2443; x_wconf 89' lang='lat' dir='ltr'>M,</span> <span class='ocrx_word' id='word_1_299' title='bbox 968 2398 1084 2446; x_wconf 67' lang='lat' dir='ltr'>vulg„</span> <span class='ocrx_word' id='word_1_300' title='bbox 1103 2397 1174 2434; x_wconf 92' lang='lat' dir='ltr'>ubi</span> <span class='ocrx_word' id='word_1_301' title='bbox 1194 2410 1230 2434; x_wconf 86' lang='lat' dir='ltr'>a.</span> <span class='ocrx_word' id='word_1_302' title='bbox 1335 2402 1356 2434; x_wconf 88' lang='grc'><strong>6</strong></span> <span class='ocrx_word' id='word_1_303' title='bbox 1379 2397 1447 2444; x_wconf 84' lang='lat' dir='ltr'>qui</span> <span class='ocrx_word' id='word_1_304' title='bbox 1473 2410 1541 2443; x_wconf 87' lang='lat' dir='ltr'>ra,</span> 
     </span>
     <span class='ocr_line' id='line_1_41' title="bbox 107 2447 1541 2494; baseline 0 -10"><span class='ocrx_word' id='word_1_305' title='bbox 107 2448 160 2484; x_wconf 89' lang='lat' dir='ltr'>K.</span> <span class='ocrx_word' id='word_1_306' title='bbox 176 2449 237 2493; x_wconf 91' lang='lat' dir='ltr'>II,</span> <span class='ocrx_word' id='word_1_307' title='bbox 258 2448 411 2493; x_wconf 61' lang='lat' dir='ltr'>Maeli,</span> <span class='ocrx_word' id='word_1_308' title='bbox 430 2447 536 2494; x_wconf 89' lang='lat' dir='ltr'>quod</span> <span class='ocrx_word' id='word_1_309' title='bbox 558 2448 615 2493; x_wconf 87' lang='lat' dir='ltr'>M,</span> <span class='ocrx_word' id='word_1_310' title='bbox 637 2449 688 2484; x_wconf 87' lang='lat' dir='ltr'>K.</span> <span class='ocrx_word' id='word_1_311' title='bbox 705 2449 738 2484; x_wconf 89' lang='lat' dir='ltr'>I.</span> <span class='ocrx_word' id='word_1_312' title='bbox 844 2451 864 2484; x_wconf 88' lang='grc'>9</span> <span class='ocrx_word' id='word_1_313' title='bbox 886 2448 1047 2484; x_wconf 87' lang='lat' dir='ltr'>nomina</span> <span class='ocrx_word' id='word_1_314' title='bbox 1070 2449 1129 2492; x_wconf 87' lang='grc' dir='ltr'><strong>Μ,</strong></span> <span class='ocrx_word' id='word_1_315' title='bbox 1152 2448 1204 2484; x_wconf 87' lang='grc' dir='ltr'>Κ.</span> <span class='ocrx_word' id='word_1_316' title='bbox 1220 2449 1254 2484; x_wconf 92' lang='grc' dir='ltr'>Ι.</span> <span class='ocrx_word' id='word_1_317' title='bbox 1360 2451 1405 2483; x_wconf 89' lang='lat'>15</span> <span class='ocrx_word' id='word_1_318' title='bbox 1427 2447 1541 2484; x_wconf 87' lang='lat' dir='ltr'>victis</span> 
     </span>
     <span class='ocr_line' id='line_1_42' title="bbox 109 2497 1407 2546; baseline -0.001 -11"><span class='ocrx_word' id='word_1_319' title='bbox 109 2499 170 2543; x_wconf 87' lang='lat' dir='ltr'>M,</span> <span class='ocrx_word' id='word_1_320' title='bbox 195 2498 310 2546; x_wconf 52' lang='lat' dir='ltr'>&#39;tf-2019„</span> <span class='ocrx_word' id='word_1_321' title='bbox 337 2498 472 2534; x_wconf 84' lang='lat' dir='ltr'>invitis</span> <span class='ocrx_word' id='word_1_322' title='bbox 502 2510 532 2543; x_wconf 86' lang='lat' dir='ltr'>r,</span> <span class='ocrx_word' id='word_1_323' title='bbox 559 2498 666 2535; x_wconf 84' lang='lat' dir='ltr'>victa</span> <span class='ocrx_word' id='word_1_324' title='bbox 694 2511 730 2534; x_wconf 90' lang='lat' dir='ltr'>a.</span> <span class='ocrx_word' id='word_1_325' title='bbox 835 2502 882 2534; x_wconf 79' lang='lat'>24</span> <span class='ocrx_word' id='word_1_326' title='bbox 910 2498 987 2534; x_wconf 90' lang='lat' dir='ltr'>nisi</span> <span class='ocrx_word' id='word_1_327' title='bbox 1015 2498 1083 2544; x_wconf 89' lang='lat' dir='ltr'>qui</span> <span class='ocrx_word' id='word_1_328' title='bbox 1109 2498 1216 2535; x_wconf 88' lang='lat' dir='ltr'>hum.</span> <span class='ocrx_word' id='word_1_329' title='bbox 1244 2510 1281 2543; x_wconf 84' lang='grc' dir='ltr'><strong>α,</strong></span> <span class='ocrx_word' id='word_1_330' title='bbox 1310 2497 1407 2534; x_wconf 78' lang='lat' dir='ltr'>Otto.</span> 
     </span>
    </p>
   </div>
  </div>
 </body>
</html>
