1716 2742
44 841 82 869 10

46 1153 83 1182 15

47 1469 85 1496 20

50 1781 87 1810 25

52 2096 90 2123 30

559 141 923 180 EPISTULARUM
949 141 1040 178 VIII
1068 145 1101 177 6.
1450 141 1540 186 211

104 274 239 318 quem
270 259 320 303 in
352 261 510 304 senatu
543 255 714 318 rogat);
754 256 1001 316 imaginare
1040 258 1246 300 senatum
1286 270 1543 311 usquequa-

105 338 192 381 que
236 324 479 367 testantem
522 321 683 365 merito
729 320 1011 376 libenterque
1065 333 1112 362 se
1157 319 1275 362 hanc
1321 333 1544 361 summam

104 386 223 430 inter
267 384 467 442 reliquos
506 384 701 428 honores
744 382 941 426 Pallanti
981 381 1182 439 coepisse
1226 380 1460 425 decernere
1500 383 1546 423 et

105 449 495 506 perseveraturum
528 446 686 503 fuisse,
729 445 817 489 nisi
851 445 1173 501 obsequeretur
1210 443 1428 501 principis
1468 458 1544 486 vo-

105 510 290 568 luntati,
322 509 396 555 cui
421 525 515 554 non
542 511 659 553 esset
684 508 752 552 fas
781 508 828 551 in
854 508 949 551 ulla
975 522 1023 550 re
1050 521 1312 564 repugnare.
1377 504 1461 563 Ita,
1489 521 1546 549 ne

106 572 364 618 sestertium
407 572 574 617 centies
618 570 917 629 quinquagies
960 569 1109 613 Pallas
1153 584 1208 612 ex
1248 568 1417 612 aerario
1460 568 1547 612 fer-

105 639 193 693 ret,
224 635 496 680 verecundia
534 635 699 692 ipsius,
739 633 956 690 obsequio
997 634 1178 676 senatus
1219 647 1332 689 opus
1372 630 1461 675 fuit
1499 631 1547 674 in

105 699 194 743 hoc
223 699 465 757 praecipue
505 712 599 741 non
642 695 920 753 obsecuturi,
961 695 999 739 si
1039 695 1086 738 in
1125 695 1220 738 ulla
1259 710 1306 738 re
1344 696 1549 751 putasset

105 761 174 806 fas
207 776 304 806 esse
336 776 430 805 non
457 759 657 817 obsequi.
710 758 869 803 Finem
896 756 1156 802 existimas?
1207 756 1339 801 Mane
1367 757 1474 800 dum
1503 759 1549 800 et

106 824 279 869 maiora
304 824 476 881 accipe:
510 821 720 879 eUtique,
747 836 851 866 cum
878 821 938 865 sit
963 820 1075 864 utile
1102 820 1319 878 principis
1347 819 1550 879 benigni-

107 890 246 931 tatem
290 885 675 944 promptissimam
720 884 775 928 ad
821 883 1000 928 laudem
1042 882 1332 941 praemiaque
1378 898 1550 927 meren-

107 950 223 994 tium
257 949 489 994 inlustrari
522 948 689 1005 ubique
723 950 768 991 et
800 947 996 990 maxime
1030 945 1085 990 iis
1118 945 1250 1003 locis,
1286 945 1450 1002 quibus
1484 946 1550 988 in·

109 1012 239 1057 citari
271 1012 327 1056 ad
361 1011 662 1056 imitationem
694 1009 944 1068 praepositi
976 1024 1127 1053 rerum
1161 1008 1256 1052 eius
1291 1023 1422 1052 curae
1449 1023 1550 1066 pos-

109 1078 226 1131 sent,
259 1077 305 1119 et
336 1074 556 1118 Pallantis
596 1072 926 1131 spectatissima
964 1072 1076 1116 fides
1116 1074 1252 1128 atque
1292 1071 1552 1115 innocentia

109 1138 316 1196 exemplo
350 1152 597 1196 provocare
631 1136 831 1180 studium
858 1138 953 1179 tam
985 1134 1202 1179 honestae
1236 1133 1551 1178 aemulationis

108 1204 282 1259 posset,
328 1215 399 1257 ea,
442 1215 556 1257 quae
598 1198 652 1242 X.
690 1198 790 1243 Kal.
829 1197 1115 1254 Februarias,
1159 1212 1272 1254 quae
1318 1197 1552 1254 proximae

108 1264 321 1321 fuissent,
352 1263 401 1307 in
434 1262 715 1320 amplissimo
757 1261 913 1306 ordine
954 1260 1153 1318 optimus
1192 1260 1405 1317 princeps
1443 1259 1552 1304 reci·

109 1328 268 1384 tasset,
301 1328 572 1383 senatusque
606 1325 815 1369 consulta
847 1324 901 1368 de
934 1323 990 1368 iis
1030 1323 1163 1367 rebus
1202 1322 1324 1367 facta
1365 1322 1412 1365 in
1452 1338 1552 1366 aere

111 1389 437 1447 inciderentur,
469 1388 605 1445 idque
639 1402 712 1431 aes
746 1387 962 1446 figeretur
995 1386 1051 1430 ad
1084 1389 1280 1429 statuam
1315 1385 1551 1429 loricatam

112 1452 205 1497 divi
233 1451 369 1496 Iulii?
433 1450 599 1495 Parum
627 1451 772 1494 visum
802 1452 1032 1494 tantorum
1061 1448 1329 1492 dedecorum
1357 1463 1453 1492 esse
1481 1463 1554 1492 cu-

111 1516 224 1560 riam
264 1517 444 1559 testem:
485 1514 684 1558 delectus
725 1515 793 1557 est
834 1511 1149 1557 celeberrimus
1188 1511 1336 1568 locus,
1375 1511 1423 1554 in
1463 1526 1553 1568 quo

111 1578 304 1638 legenda
370 1576 682 1635 praesentibus
690 1610 703 1633 ,
760 1575 952 1635 legenda
1015 1574 1180 1617 futuris
1244 1573 1553 1631 proderentur.

112 1640 291 1685 Placuit
317 1655 419 1685 aere
447 1639 617 1699 signari
645 1653 800 1683 omnes
826 1638 1021 1682 honores
1048 1636 1397 1681 fastidiosissimi
1433 1652 1555 1681 man-

114 1704 241 1762 cipii,
283 1718 488 1761 quosque
530 1701 811 1760 repudiasset
855 1715 1077 1757 quosque,
1121 1701 1341 1757 quantum
1385 1700 1438 1744 ad
1483 1699 1555 1743 de-

114 1769 345 1811 cernentes
378 1766 592 1823 pertinet,
633 1764 856 1823 gessisset.
927 1762 1076 1807 Incisa
1109 1765 1154 1806 et
1189 1762 1417 1820 insculpta
1450 1766 1556 1806 sunt

114 1829 309 1887 publicis
356 1828 638 1884 aeternisque
685 1825 975 1870 monimentis
1020 1825 1246 1882 praetoria
1293 1827 1555 1869 ornamenta

116 1891 334 1936 Pallantis
374 1891 438 1935 sic
479 1890 609 1947 quasi
650 1889 832 1933 foedera
875 1888 1080 1945 antiqua,
1124 1887 1188 1932 sic
1232 1888 1361 1944 quasi
1405 1903 1555 1932 sacrae

114 1956 248 2014 leges.
314 1953 461 1998 Tanta
493 1952 732 2010 principis,
763 1954 891 1996 tanta
930 1953 1130 2008 senatus,
1169 1953 1297 1995 tanta
1337 1949 1554 1994 Pallantis

115 2017 257 2076 ipsius
285 2043 346 2047 —-
381 2015 490 2073 quid
531 2015 698 2071 dicam,
735 2014 906 2067 nescio,
945 2016 997 2058 ut
1036 2014 1075 2058 si
1114 2014 1284 2057 vellent
1324 2013 1372 2057 in
1412 2013 1554 2057 oculis

116 2080 319 2125 omnium
353 2079 434 2138 figi
466 2078 617 2122 Pallas
649 2077 938 2121 insolentiam
972 2091 1119 2133 suam,
1146 2075 1411 2134 patientiam
1453 2074 1557 2120 Cae-

116 2159 208 2200 sar,
239 2141 543 2186 humilitatem
578 2141 776 2185 senatus!
834 2139 932 2184 Nec
964 2139 1129 2197 puduit
1161 2138 1381 2183 rationem
1414 2139 1557 2195 turpi-

114 2206 264 2250 tudini
297 2204 558 2260 obtendere,
592 2202 819 2263 egregiam
853 2201 1034 2259 quidem
1061 2202 1389 2260 pulchramque
1422 2202 1557 2245 ratio-

117 2284 242 2326 nem,
285 2270 338 2312 ut
384 2267 590 2324 exemplo
638 2265 856 2309 Pallantis
903 2265 1207 2323 praemiorum
1254 2264 1309 2308 ad
1357 2264 1556 2307 studium

118 2331 433 2376 aemulationis
468 2329 603 2374 ceteri
629 2331 995 2386 provocarentur.
1061 2327 1129 2370 Ea
1154 2328 1377 2370 honorum
1406 2327 1556 2371 vilitas

220 2496 267 2529 29
293 2493 340 2527 ut
367 2491 400 2527 si
428 2490 578 2534 Muell„
600 2489 647 2535 cf.
664 2500 805 2537 paney.
826 2492 888 2533 20,
910 2491 955 2534 4,·
980 2491 1042 2533 23,
1063 2492 1107 2533 6;
1134 2489 1198 2533 al„
1226 2490 1270 2523 ut
1297 2500 1334 2531 a,
1363 2489 1414 2525 K.
1438 2489 1496 2533 ΙΙ,
1525 2489 1558 2524 si

122 2544 213 2587 Mr,
241 2541 356 2589 quasi
384 2542 437 2578 K.
460 2542 494 2578 Ι.

1258 2613 1332 2649 14³³*-

1577 767 1623 801 13

1584 1458 1628 1490 14

1584 1960 1630 1994 15

1586 2337 1632 2370 16
