1630 2678
152 124 211 168 60
746 114 783 152 C.
806 112 939 150 PLmi

83 247 125 280 12
152 232 292 291 Igitur
330 229 510 274 eundem
556 227 663 271 mihi
709 240 901 282 cursum,
946 223 1131 268 eundem
1171 222 1410 267 terminum
1453 223 1540 266 sta-

109 708 123 738 1

107 828 127 859 2
153 816 323 858 titurus.
367 814 578 857 Arrianus
598 812 796 855 Maturus
816 811 1081 854 Altinatium
1106 813 1173 854 est
1191 809 1415 867 princeps:
1440 822 1541 878 cum
1566 817 1603 845 1⁰

108 1010 128 1041 3

152 297 228 336 tuo
261 291 389 348 idque
421 292 503 333 iam
538 303 654 332 nunc
686 287 802 344 apud
832 289 876 330 te
909 285 1142 343 subsigno,
1173 286 1243 341 ut,
1275 273 1415 328 si‘me
1445 282 1540 326 lon—

154 355 250 412 gius
294 352 417 396 evehi
461 350 639 406 videris,
684 350 729 392 in
773 348 840 391 ius
884 361 1013 391 voces
1055 345 1110 389 ad
1149 345 1265 389 hanc
1305 344 1540 402 epistulam

155 429 290 458 meam
334 416 376 456 et
417 412 635 468 quiescere
667 410 834 465 iubeas,
867 423 966 452 cum
1008 407 1191 450 inertiae
1229 405 1395 451 crimen
1434 405 1539 449 effu-

155 490 269 533 gero.
331 473 448 516 Vale.

425 611 466 645 C.
487 610 687 644 PLINIUS
714 609 852 643 VIBIO
878 608 1079 642 MAXIMO
1108 606 1203 641 SUO
1231 606 1269 640 S.

233 692 357 744 Quod
389 692 481 748 ipse
514 691 664 734 amicis
702 690 790 733 tuis
835 688 1112 744 obtulissem,
1155 688 1193 731 si
1236 685 1348 731 mihi
1387 685 1539 730 eadem

155 754 332 797 materia
363 754 631 809 suppeteret,
663 751 706 794 id
738 765 855 794 nunc
887 751 980 793 iure
1011 749 1163 793 videor
1195 764 1220 792 a
1250 750 1295 792 te
1328 747 1436 791 meis
1467 761 1541 804 pe-

154 876 250 919 dico
291 874 512 931 princeps,
551 889 642 917 non
680 873 732 916 de
772 872 1054 916 facultatibus
1094 872 1272 928 loquor,
1321 884 1433 927 quae
1473 869 1542 913 1111

154 937 272 994 large
317 938 573 992 supersunt,
615 934 690 978 sed
734 935 787 978 de
825 933 1042 990 castitate,
1087 932 1276 989 iustitia,
1312 931 1541 990 gravitate,

158 996 398 1054 prudentia.
461 995 604 1039 Huius
637 1010 718 1053 ego
752 995 934 1039 consilio
977 994 1022 1037 in
1054 993 1265 1052 negotiis,
1298 992 1462 1037 iudicio
1495 991 1542 1035 in

1564 487 1583 515 δ

155 1058 309 1101 studiis
348 1060 467 1113 utor3
503 1072 606 1100 nam
645 1057 882 1113 plurimum
922 1055 1027 1111 fide,
1065 1054 1306 1112 plurimum
1343 1052 1540 1110 veritate,
1594 1102 1596 1105 v

107 1131 129 1163 4
155 1119 390 1175 plurimum
423 1118 721 1176 intellegentia
752 1119 956 1174 praestat.
1018 1116 1153 1160 Amat
1178 1131 1266 1172 me,
1297 1114 1411 1158 nihil
1442 1129 1542 1172 pos·
1566 1123 1602 1151 1⁶

156 1194 250 1222 sum
283 1179 503 1222 ardentius
535 1179 694 1235 dicere,
726 1182 776 1222 ut
801 1181 860 1222 tu.
920 1177 1047 1221 Caret
1072 1176 1260 1234 ambitu3
1291 1175 1390 1220 ideo
1423 1189 1470 1220 se
1495 1175 1543 1219 in

157 1240 346 1296 equestri
378 1240 515 1298 gradu
546 1240 704 1296 tenuit,
738 1255 837 1284 cum
869 1239 997 1283 facile
1035 1241 1186 1296 posset
1218 1237 1449 1282 ascendere
1481 1237 1542 1280 al—

156 1301 383 1343 tissimum.
458 1299 570 1343 Mihi
613 1304 759 1344 tamen
803 1301 1023 1344 ornandus
1068 1299 1420 1356 excolendusque
1463 1299 1542 1342 est.

110 1373 131 1404 5
157 1359 307 1417 Itaque
346 1362 493 1418 magni
534 1362 714 1405 aestimo
748 1362 953 1420 dignitati
985 1362 1077 1405 eius
1110 1360 1278 1418 aliquid
1318 1358 1543 1404 adstruere

159 1422 441 1478 inopinantis,
479 1423 730 1479 nescientis,
770 1423 903 1466 immo
943 1423 1074 1466 etiam
1113 1422 1300 1466 fortasse
1336 1419 1543 1477 nolentis,

159 1482 376 1525 adstruere
409 1486 570 1540 autem,
603 1484 719 1540 quod
758 1484 815 1527 sit
855 1483 1134 1540 splendidum
1174 1497 1256 1527 nec
1293 1482 1542 1527 molestum.

113 1554 133 1586 6
160 1541 290 1585 Cuius
317 1544 501 1600 generis,
534 1560 642 1601 quae
669 1546 811 1601 prima
836 1545 1007 1588 occasio
1033 1544 1128 1601 tibi,
1154 1543 1353 1588 conferas
1371 1543 1420 1587 in
1443 1557 1544 1587 eum

115 2003 132 2034 1

159 1617 285 1660 rogo:
317 1603 494 1672 habebis
527 1621 609 1674 me,
643 1606 823 1674 habebis
856 1606 1001 1662 ipsum
1041 1605 1339 1663 gratissimum
1377 1602 1544 1648 debito·

159 1662 514 1780 {Zssiffit‘ffuffisss
531 1670 885 1784 Ξῃέῗηὲῗζῑῇἒῗ
910 1667 1098 1772 adxissiff’
1129 1669 1221 1710 ‘³¹¹²
1247 1668 1372 1725 grate
1395 1667 1545 1709 tamen

807 1835 882 1879 III.

302 1910 343 1943 C.
365 1911 562 1944 PLINIUS
590 1912 868 1947 CORELLIAE
894 1915 1178 1949 HISPULLAE
1205 1914 1334 1949 SUAE
1360 1914 1398 1948 S.

193 2049 201 2057 ⁶
242 1989 369 2045 Cum,
402 1993 567 2046 patrem
601 1994 744 2047 tuum,
785 1994 1088 2050 gravissimum
1132 1998 1175 2039 et
1216 1993 1543 2039 sanctissimum

164 2065 321 2106 vuum,
353 2052 620 2107 suspexerim
653 2053 791 2110 magis
824 2069 878 2096 an
905 2057 1158 2113 amaverim,
1189 2056 1386 2100 dubitem
1410 2057 1543 2112 teque

161 2113 205 2152 et
236 2110 281 2153 in
313 2111 565 2155 memoriam
597 2113 687 2155 eius
721 2117 763 2156 et
795 2114 841 2156 in
872 2115 1080 2160 honorem
1122 2120 1247 2161 tuum
1280 2116 1408 2161 unice
1445 2115 1544 2160 dili·
1568 2135 1605 2162 so

161 2185 282 2228 gam,
313 2172 484 2227 cupiam
516 2187 690 2216 necesse
716 2177 781 2217 est
813 2178 943 2231 atque
969 2178 1118 2234 etiam,
1150 2181 1364 2234 quantum
1394 2177 1442 2220 in
1473 2191 1544 2220 me

159 2231 310 2287 fuerit,
336 2232 494 2289 enitar,
512 2236 562 2276 ut
587 2234 704 2277 filius
730 2237 830 2278 tuus
857 2251 937 2280 avo
965 2238 1118 2282 similis
1139 2240 1318 2296 existat,
1341 2237 1544 2295 equidem

161 2292 277 2335 malo
310 2295 523 2337 materno:
565 2309 827 2351 quamquam
870 2297 934 2340 illi
976 2301 1182 2355 paternus
1229 2301 1360 2344 etiam
1401 2299 1543 2343 clarus

259 2427 278 2459 7
305 2423 419 2460 Vibio
445 2436 490 2461 ex
514 2426 589 2461 solo
615 2426 663 2463 R.
