<?xml version="1.0" encoding="UTF-8"?>
<!DOCTYPE html PUBLIC "-//W3C//DTD XHTML 1.0 Transitional//EN"
    "http://www.w3.org/TR/xhtml1/DTD/xhtml1-transitional.dtd">
<html xmlns="http://www.w3.org/1999/xhtml" xml:lang="en" lang="en">
 <head>
  <title>
</title>
<meta http-equiv="Content-Type" content="text/html;charset=utf-8" />
  <meta name='ocr-system' content='tesseract 3.04.00' />
  <meta name='ocr-capabilities' content='ocr_page ocr_carea ocr_par ocr_line ocrx_word'/>
</head>
<body>
  <div class='ocr_page' id='page_1' title='image "./epistularumlibr00plin_0148.png"; bbox 0 0 1630 2678; ppageno 0'>
   <div class='ocr_carea' id='block_1_1' title="bbox 199 144 987 195">
    <p class='ocr_par' dir='ltr' id='par_1_1' title="bbox 199 144 987 195">
     <span class='ocr_line' id='line_1_1' title="bbox 199 144 987 195; baseline 0.009 -21"><span class='ocrx_word' id='word_1_1' title='bbox 199 150 284 195; x_wconf 83' lang='lat'><strong>132</strong></span> <span class='ocrx_word' id='word_1_2' title='bbox 789 145 827 181; x_wconf 89' lang='lat' dir='ltr'><strong>C.</strong></span> <span class='ocrx_word' id='word_1_3' title='bbox 855 144 987 181; x_wconf 82' lang='lat' dir='ltr'>PLINI</span> 
     </span>
    </p>
   </div>
   <div class='ocr_carea' id='block_1_2' title="bbox 122 256 1630 1581">
    <p class='ocr_par' dir='ltr' id='par_1_2' title="bbox 122 256 1630 1581">
     <span class='ocr_line' id='line_1_2' title="bbox 195 256 1586 313; baseline -0.001 -10"><span class='ocrx_word' id='word_1_4' title='bbox 195 260 316 303; x_wconf 85' lang='lat' dir='ltr'><strong>illam</strong></span> <span class='ocrx_word' id='word_1_5' title='bbox 360 258 446 301; x_wconf 89' lang='lat' dir='ltr'><strong>tori</strong></span> <span class='ocrx_word' id='word_1_6' title='bbox 487 257 663 313; x_wconf 91' lang='lat' dir='ltr'><strong>quidam</strong></span> <span class='ocrx_word' id='word_1_7' title='bbox 709 259 753 300; x_wconf 90' lang='lat' dir='ltr'><strong>et</strong></span> <span class='ocrx_word' id='word_1_8' title='bbox 797 256 922 312; x_wconf 82' lang='lat' dir='ltr'>quasi</span> <span class='ocrx_word' id='word_1_9' title='bbox 966 256 1094 300; x_wconf 86' lang='lat' dir='ltr'><strong>iubae</strong></span> <span class='ocrx_word' id='word_1_10' title='bbox 1138 256 1313 313; x_wconf 85' lang='lat' dir='ltr'><strong>decent3</strong></span> <span class='ocrx_word' id='word_1_11' title='bbox 1362 256 1473 302; x_wconf 86' lang='lat' dir='ltr'><strong>haec</strong></span> <span class='ocrx_word' id='word_1_12' title='bbox 1515 258 1586 302; x_wconf 90' lang='lat' dir='ltr'><strong>vel</strong></span> 
     </span>
     <span class='ocr_line' id='line_1_3' title="bbox 195 317 1586 374; baseline 0 -11"><span class='ocrx_word' id='word_1_13' title='bbox 195 320 381 363; x_wconf 82' lang='lat' dir='ltr'><strong>maxime</strong></span> <span class='ocrx_word' id='word_1_14' title='bbox 413 319 468 374; x_wconf 89' lang='lat' dir='ltr'><strong>vi,</strong></span> <span class='ocrx_word' id='word_1_15' title='bbox 500 318 802 373; x_wconf 79' lang='lat' dir='ltr'><strong>amaritudine,</strong></span> <span class='ocrx_word' id='word_1_16' title='bbox 833 318 1054 373; x_wconf 82' lang='lat' dir='ltr'><strong>instantia,</strong></span> <span class='ocrx_word' id='word_1_17' title='bbox 1086 317 1164 361; x_wconf 85' lang='lat' dir='ltr'><strong>illa</strong></span> <span class='ocrx_word' id='word_1_18' title='bbox 1188 320 1336 362; x_wconf 82' lang='lat' dir='ltr'><strong>tractu</strong></span> <span class='ocrx_word' id='word_1_19' title='bbox 1366 321 1412 363; x_wconf 85' lang='lat' dir='ltr'><strong>et</strong></span> <span class='ocrx_word' id='word_1_20' title='bbox 1443 318 1586 363; x_wconf 83' lang='lat' dir='ltr'><strong>suavi-</strong></span> 
     </span>
     <span class='ocr_line' id='line_1_4' title="bbox 194 378 1585 437; baseline 0 -13"><span class='ocrx_word' id='word_1_21' title='bbox 194 384 283 424; x_wconf 84' lang='lat' dir='ltr'><strong>tate</strong></span> <span class='ocrx_word' id='word_1_22' title='bbox 314 383 441 435; x_wconf 91' lang='lat' dir='ltr'><strong>atque</strong></span> <span class='ocrx_word' id='word_1_23' title='bbox 467 380 598 422; x_wconf 87' lang='lat' dir='ltr'><strong>etiam</strong></span> <span class='ocrx_word' id='word_1_24' title='bbox 625 378 853 422; x_wconf 83' lang='lat' dir='ltr'>dulcedine</span> <span class='ocrx_word' id='word_1_25' title='bbox 879 379 1040 435; x_wconf 84' lang='lat' dir='ltr'><strong>placet3</strong></span> <span class='ocrx_word' id='word_1_26' title='bbox 1073 380 1297 435; x_wconf 86' lang='lat' dir='ltr'><strong>postremo</strong></span> <span class='ocrx_word' id='word_1_27' title='bbox 1329 379 1418 424; x_wconf 79' lang='lat' dir='ltr'><strong>alia</strong></span> <span class='ocrx_word' id='word_1_28' title='bbox 1441 380 1585 437; x_wconf 89' lang='lat' dir='ltr'><strong>verba,</strong></span> 
     </span>
     <span class='ocr_line' id='line_1_5' title="bbox 125 439 1587 496; baseline -0.001 -10"><span class='ocrx_word' id='word_1_29' title='bbox 125 453 167 486; x_wconf 90' lang='lat'><strong>11</strong></span> <span class='ocrx_word' id='word_1_30' title='bbox 196 442 304 485; x_wconf 89' lang='lat' dir='ltr'><strong>alius</strong></span> <span class='ocrx_word' id='word_1_31' title='bbox 331 455 478 496; x_wconf 86' lang='lat' dir='ltr'><strong>sonus,</strong></span> <span class='ocrx_word' id='word_1_32' title='bbox 509 440 593 483; x_wconf 84' lang='lat' dir='ltr'><strong>alia</strong></span> <span class='ocrx_word' id='word_1_33' title='bbox 619 440 899 483; x_wconf 89' lang='lat' dir='ltr'><strong>constructio.</strong></span> <span class='ocrx_word' id='word_1_34' title='bbox 950 439 1066 483; x_wconf 82' lang='lat' dir='ltr'><strong>Nam</strong></span> <span class='ocrx_word' id='word_1_35' title='bbox 1092 439 1334 496; x_wconf 91' lang='lat' dir='ltr'><strong>plurimum</strong></span> <span class='ocrx_word' id='word_1_36' title='bbox 1357 441 1506 496; x_wconf 79' lang='lat' dir='ltr'><strong>refert,</strong></span> <span class='ocrx_word' id='word_1_37' title='bbox 1537 443 1587 485; x_wconf 91' lang='lat' dir='ltr'><strong>ut</strong></span> 
     </span>
     <span class='ocr_line' id='line_1_6' title="bbox 195 500 1630 559; baseline -0.001 -14"><span class='ocrx_word' id='word_1_38' title='bbox 195 501 467 558; x_wconf 81' lang='lat' dir='ltr'><strong>Thucydides</strong></span> <span class='ocrx_word' id='word_1_39' title='bbox 509 501 588 557; x_wconf 91' lang='lat' dir='ltr'><strong>ait,</strong></span> <span class='ocrx_word' id='word_1_40' title='bbox 631 506 801 556; x_wconf 84' lang='grc' dir='ltr'><strong><em>κτῆμα</em></strong></span> <span class='ocrx_word' id='word_1_41' title='bbox 843 501 901 544; x_wconf 93' lang='lat' dir='ltr'><strong>sit</strong></span> <span class='ocrx_word' id='word_1_42' title='bbox 945 516 1002 543; x_wconf 91' lang='lat' dir='ltr'><strong>an</strong></span> <span class='ocrx_word' id='word_1_43' title='bbox 1048 500 1344 558; x_wconf 74' lang='grc' dir='ltr'><em>ἀγώνισμας</em></span> <span class='ocrx_word' id='word_1_44' title='bbox 1395 516 1585 559; x_wconf 89' lang='lat' dir='ltr'><strong>quorum</strong></span> <span class='ocrx_word' id='word_1_45' title='bbox 1612 514 1630 543; x_wconf 77' lang='lat'><strong>5</strong></span> 
     </span>
     <span class='ocr_line' id='line_1_7' title="bbox 193 561 1586 618; baseline 0.001 -12"><span class='ocrx_word' id='word_1_46' title='bbox 193 564 375 606; x_wconf 89' lang='lat' dir='ltr'><strong>alterum</strong></span> <span class='ocrx_word' id='word_1_47' title='bbox 421 562 580 618; x_wconf 90' lang='lat' dir='ltr'><strong>oratio,</strong></span> <span class='ocrx_word' id='word_1_48' title='bbox 622 562 807 604; x_wconf 85' lang='lat' dir='ltr'><strong>alterum</strong></span> <span class='ocrx_word' id='word_1_49' title='bbox 849 561 1036 605; x_wconf 88' lang='lat' dir='ltr'><strong>historia</strong></span> <span class='ocrx_word' id='word_1_50' title='bbox 1074 564 1152 605; x_wconf 88' lang='lat' dir='ltr'><strong>est.</strong></span> <span class='ocrx_word' id='word_1_51' title='bbox 1221 561 1306 606; x_wconf 78' lang='lat' dir='ltr'><strong>His</strong></span> <span class='ocrx_word' id='word_1_52' title='bbox 1347 578 1403 607; x_wconf 84' lang='lat' dir='ltr'><strong>ex</strong></span> <span class='ocrx_word' id='word_1_53' title='bbox 1442 563 1586 607; x_wconf 80' lang='lat' dir='ltr'><strong>causis</strong></span> 
     </span>
     <span class='ocr_line' id='line_1_8' title="bbox 191 622 1586 681; baseline 0.001 -15"><span class='ocrx_word' id='word_1_54' title='bbox 191 638 281 666; x_wconf 88' lang='lat' dir='ltr'><strong>non</strong></span> <span class='ocrx_word' id='word_1_55' title='bbox 318 623 526 678; x_wconf 91' lang='lat' dir='ltr'><strong>adducor,</strong></span> <span class='ocrx_word' id='word_1_56' title='bbox 568 626 619 666; x_wconf 91' lang='lat' dir='ltr'><strong>ut</strong></span> <span class='ocrx_word' id='word_1_57' title='bbox 656 622 742 666; x_wconf 92' lang='lat' dir='ltr'><strong>duo</strong></span> <span class='ocrx_word' id='word_1_58' title='bbox 782 623 1013 666; x_wconf 82' lang='lat' dir='ltr'><strong>dissimilia</strong></span> <span class='ocrx_word' id='word_1_59' title='bbox 1058 625 1102 666; x_wconf 92' lang='lat' dir='ltr'><strong>et</strong></span> <span class='ocrx_word' id='word_1_60' title='bbox 1139 622 1225 667; x_wconf 90' lang='lat' dir='ltr'><strong>hoc</strong></span> <span class='ocrx_word' id='word_1_61' title='bbox 1263 623 1361 681; x_wconf 86' lang='lat' dir='ltr'><strong>ipso</strong></span> <span class='ocrx_word' id='word_1_62' title='bbox 1401 623 1586 680; x_wconf 87' lang='lat' dir='ltr'><strong>diversa,</strong></span> 
     </span>
     <span class='ocr_line' id='line_1_9' title="bbox 193 684 1587 742; baseline 0.002 -16"><span class='ocrx_word' id='word_1_63' title='bbox 193 684 309 740; x_wconf 91' lang='lat' dir='ltr'><strong>quod</strong></span> <span class='ocrx_word' id='word_1_64' title='bbox 341 684 543 739; x_wconf 85' lang='lat' dir='ltr'><strong>maxima,</strong></span> <span class='ocrx_word' id='word_1_65' title='bbox 575 684 840 727; x_wconf 86' lang='lat' dir='ltr'><strong>confundam</strong></span> <span class='ocrx_word' id='word_1_66' title='bbox 873 684 1187 740; x_wconf 88' lang='lat' dir='ltr'><strong>misceamque,</strong></span> <span class='ocrx_word' id='word_1_67' title='bbox 1217 699 1273 728; x_wconf 88' lang='lat' dir='ltr'><strong>ne</strong></span> <span class='ocrx_word' id='word_1_68' title='bbox 1304 687 1429 729; x_wconf 86' lang='lat' dir='ltr'><strong>tanta</strong></span> <span class='ocrx_word' id='word_1_69' title='bbox 1460 686 1587 742; x_wconf 85' lang='lat' dir='ltr'><strong>quasi</strong></span> 
     </span>
     <span class='ocr_line' id='line_1_10' title="bbox 191 745 1587 803; baseline 0.001 -15"><span class='ocrx_word' id='word_1_70' title='bbox 191 745 438 788; x_wconf 90' lang='lat' dir='ltr'><strong>colluvione</strong></span> <span class='ocrx_word' id='word_1_71' title='bbox 470 745 671 788; x_wconf 86' lang='lat' dir='ltr'><strong>turbatus</strong></span> <span class='ocrx_word' id='word_1_72' title='bbox 704 746 766 789; x_wconf 92' lang='lat' dir='ltr'><strong>ibi</strong></span> <span class='ocrx_word' id='word_1_73' title='bbox 798 745 974 800; x_wconf 83' lang='lat' dir='ltr'><strong>faciam,</strong></span> <span class='ocrx_word' id='word_1_74' title='bbox 1017 745 1134 801; x_wconf 91' lang='lat' dir='ltr'><strong>quod</strong></span> <span class='ocrx_word' id='word_1_75' title='bbox 1166 746 1241 790; x_wconf 81' lang='lat' dir='ltr'><strong>hic</strong></span> <span class='ocrx_word' id='word_1_76' title='bbox 1273 745 1431 803; x_wconf 82' lang='lat' dir='ltr'><strong>debe03</strong></span> <span class='ocrx_word' id='word_1_77' title='bbox 1469 746 1587 791; x_wconf 87' lang='lat' dir='ltr'><strong>ideo-</strong></span> 
     </span>
     <span class='ocr_line' id='line_1_11' title="bbox 192 806 1630 864; baseline 0.001 -16"><span class='ocrx_word' id='word_1_78' title='bbox 192 820 275 862; x_wconf 92' lang='lat' dir='ltr'><strong>que</strong></span> <span class='ocrx_word' id='word_1_79' title='bbox 312 806 487 849; x_wconf 87' lang='lat' dir='ltr'><strong>interim</strong></span> <span class='ocrx_word' id='word_1_80' title='bbox 524 806 712 860; x_wconf 91' lang='lat' dir='ltr'><strong>veniam,</strong></span> <span class='ocrx_word' id='word_1_81' title='bbox 749 821 804 849; x_wconf 88' lang='lat' dir='ltr'><strong>ne</strong></span> <span class='ocrx_word' id='word_1_82' title='bbox 843 821 869 849; x_wconf 91' lang='lat' dir='ltr'><strong>a</strong></span> <span class='ocrx_word' id='word_1_83' title='bbox 905 806 1153 850; x_wconf 88' lang='lat' dir='ltr'><strong>forensibus</strong></span> <span class='ocrx_word' id='word_1_84' title='bbox 1191 807 1337 851; x_wconf 85' lang='lat' dir='ltr'><strong>verbis</strong></span> <span class='ocrx_word' id='word_1_85' title='bbox 1374 807 1586 864; x_wconf 83' lang='lat' dir='ltr'><strong>recedam,</strong></span> <span class='ocrx_word' id='word_1_86' title='bbox 1613 821 1630 849; x_wconf 84' lang='lat'><em>1</em></span> 
     </span>
     <span class='ocr_line' id='line_1_12' title="bbox 123 866 1588 927; baseline 0.003 -18"><span class='ocrx_word' id='word_1_87' title='bbox 123 877 164 909; x_wconf 85' lang='lat'><strong>12</strong></span> <span class='ocrx_word' id='word_1_88' title='bbox 192 866 431 910; x_wconf 89' lang='lat' dir='ltr'><strong>advocandi</strong></span> <span class='ocrx_word' id='word_1_89' title='bbox 463 870 577 923; x_wconf 90' lang='lat' dir='ltr'><strong>peto.</strong></span> <span class='ocrx_word' id='word_1_90' title='bbox 640 866 707 910; x_wconf 89' lang='lat' dir='ltr'><strong>Tu</strong></span> <span class='ocrx_word' id='word_1_91' title='bbox 733 869 879 910; x_wconf 91' lang='lat' dir='ltr'><strong>tamen</strong></span> <span class='ocrx_word' id='word_1_92' title='bbox 911 867 999 910; x_wconf 90' lang='lat' dir='ltr'><strong>iam</strong></span> <span class='ocrx_word' id='word_1_93' title='bbox 1030 882 1149 911; x_wconf 88' lang='lat' dir='ltr'><strong>nunc</strong></span> <span class='ocrx_word' id='word_1_94' title='bbox 1174 867 1336 927; x_wconf 86' lang='lat' dir='ltr'><strong>cogita,</strong></span> <span class='ocrx_word' id='word_1_95' title='bbox 1367 883 1479 925; x_wconf 87' lang='lat' dir='ltr'><strong>quae</strong></span> <span class='ocrx_word' id='word_1_96' title='bbox 1510 883 1588 926; x_wconf 91' lang='lat' dir='ltr'><strong>po·</strong></span> 
     </span>
     <span class='ocr_line' id='line_1_13' title="bbox 191 927 1587 987; baseline 0.003 -17"><span class='ocrx_word' id='word_1_97' title='bbox 191 927 409 970; x_wconf 86' lang='lat' dir='ltr'><strong>tissimum</strong></span> <span class='ocrx_word' id='word_1_98' title='bbox 446 930 646 984; x_wconf 89' lang='lat' dir='ltr'><strong>tempora</strong></span> <span class='ocrx_word' id='word_1_99' title='bbox 683 929 923 985; x_wconf 85' lang='lat' dir='ltr'><strong>aggrediar.</strong></span> <span class='ocrx_word' id='word_1_100' title='bbox 987 928 1151 972; x_wconf 82' lang='lat' dir='ltr'><strong>Vetera</strong></span> <span class='ocrx_word' id='word_1_101' title='bbox 1182 932 1227 973; x_wconf 88' lang='lat' dir='ltr'><strong>et</strong></span> <span class='ocrx_word' id='word_1_102' title='bbox 1264 929 1429 987; x_wconf 86' lang='lat' dir='ltr'><strong>scripta</strong></span> <span class='ocrx_word' id='word_1_103' title='bbox 1459 929 1587 974; x_wconf 77' lang='lat' dir='ltr'><strong>aliis?</strong></span> 
     </span>
     <span class='ocr_line' id='line_1_14' title="bbox 191 987 1588 1044; baseline 0.004 -14"><span class='ocrx_word' id='word_1_104' title='bbox 191 987 348 1031; x_wconf 88' lang='lat' dir='ltr'><strong>Parata</strong></span> <span class='ocrx_word' id='word_1_105' title='bbox 367 988 606 1044; x_wconf 85' lang='lat' dir='ltr'><strong>inquisitio,</strong></span> <span class='ocrx_word' id='word_1_106' title='bbox 633 989 707 1032; x_wconf 90' lang='lat' dir='ltr'><strong>sed</strong></span> <span class='ocrx_word' id='word_1_107' title='bbox 734 1004 916 1033; x_wconf 88' lang='lat' dir='ltr'><strong>onerosa</strong></span> <span class='ocrx_word' id='word_1_108' title='bbox 942 990 1134 1034; x_wconf 86' lang='lat' dir='ltr'><strong>collatio.</strong></span> <span class='ocrx_word' id='word_1_109' title='bbox 1178 989 1350 1035; x_wconf 83' lang='lat' dir='ltr'><strong>Intacta</strong></span> <span class='ocrx_word' id='word_1_110' title='bbox 1374 994 1419 1035; x_wconf 90' lang='lat' dir='ltr'><strong>et</strong></span> <span class='ocrx_word' id='word_1_111' title='bbox 1442 990 1588 1035; x_wconf 81' lang='lat' dir='ltr'><strong>nova?</strong></span> 
     </span>
     <span class='ocr_line' id='line_1_15' title="bbox 122 1048 1588 1109; baseline 0.003 -18"><span class='ocrx_word' id='word_1_112' title='bbox 122 1059 166 1092; x_wconf 81' lang='lat'><strong>18</strong></span> <span class='ocrx_word' id='word_1_113' title='bbox 194 1048 354 1093; x_wconf 85' lang='lat' dir='ltr'><strong>Graves</strong></span> <span class='ocrx_word' id='word_1_114' title='bbox 381 1049 582 1106; x_wconf 88' lang='lat' dir='ltr'><strong>offensae,</strong></span> <span class='ocrx_word' id='word_1_115' title='bbox 614 1050 722 1093; x_wconf 90' lang='lat' dir='ltr'><strong>levis</strong></span> <span class='ocrx_word' id='word_1_116' title='bbox 749 1051 901 1107; x_wconf 86' lang='lat' dir='ltr'><strong>gratia.</strong></span> <span class='ocrx_word' id='word_1_117' title='bbox 964 1050 1080 1094; x_wconf 89' lang='lat' dir='ltr'><strong>Nam</strong></span> <span class='ocrx_word' id='word_1_118' title='bbox 1106 1054 1282 1108; x_wconf 87' lang='lat' dir='ltr'><strong>praeter</strong></span> <span class='ocrx_word' id='word_1_119' title='bbox 1306 1052 1363 1109; x_wconf 93' lang='lat' dir='ltr'><strong>id,</strong></span> <span class='ocrx_word' id='word_1_120' title='bbox 1396 1052 1516 1109; x_wconf 90' lang='lat' dir='ltr'><strong>quod</strong></span> <span class='ocrx_word' id='word_1_121' title='bbox 1540 1052 1588 1096; x_wconf 93' lang='lat' dir='ltr'><strong>in</strong></span> 
     </span>
     <span class='ocr_line' id='line_1_16' title="bbox 191 1110 1630 1170; baseline 0.001 -18"><span class='ocrx_word' id='word_1_122' title='bbox 191 1110 324 1153; x_wconf 88' lang='lat' dir='ltr'><strong>tantis</strong></span> <span class='ocrx_word' id='word_1_123' title='bbox 357 1111 477 1152; x_wconf 86' lang='lat' dir='ltr'><strong>vitiis</strong></span> <span class='ocrx_word' id='word_1_124' title='bbox 508 1110 737 1154; x_wconf 89' lang='lat' dir='ltr'><strong>hominum</strong></span> <span class='ocrx_word' id='word_1_125' title='bbox 779 1112 907 1168; x_wconf 89' lang='lat' dir='ltr'><strong>plura</strong></span> <span class='ocrx_word' id='word_1_126' title='bbox 939 1113 1158 1169; x_wconf 86' lang='lat' dir='ltr'><strong>culpanda</strong></span> <span class='ocrx_word' id='word_1_127' title='bbox 1189 1115 1292 1156; x_wconf 87' lang='lat' dir='ltr'><strong>sunt</strong></span> <span class='ocrx_word' id='word_1_128' title='bbox 1330 1128 1464 1170; x_wconf 86' lang='lat' dir='ltr'><strong>quam</strong></span> <span class='ocrx_word' id='word_1_129' title='bbox 1494 1114 1588 1158; x_wconf 87' lang='lat' dir='ltr'><strong>lau·</strong></span> <span class='ocrx_word' id='word_1_130' title='bbox 1613 1127 1630 1154; x_wconf 82' lang='lat'><strong>1.</strong></span> 
     </span>
     <span class='ocr_line' id='line_1_17' title="bbox 192 1170 1586 1231; baseline 0.004 -18"><span class='ocrx_word' id='word_1_131' title='bbox 192 1170 346 1227; x_wconf 87' lang='lat' dir='ltr'><strong>danda,</strong></span> <span class='ocrx_word' id='word_1_132' title='bbox 378 1174 486 1227; x_wconf 91' lang='lat' dir='ltr'><strong>tum,</strong></span> <span class='ocrx_word' id='word_1_133' title='bbox 518 1172 555 1214; x_wconf 94' lang='lat' dir='ltr'><strong>si</strong></span> <span class='ocrx_word' id='word_1_134' title='bbox 580 1172 837 1229; x_wconf 82' lang='lat' dir='ltr'><strong>laudaveris,</strong></span> <span class='ocrx_word' id='word_1_135' title='bbox 863 1188 1034 1230; x_wconf 89' lang='lat' dir='ltr'><strong>parcus,</strong></span> <span class='ocrx_word' id='word_1_136' title='bbox 1067 1174 1105 1217; x_wconf 91' lang='lat' dir='ltr'><strong>si</strong></span> <span class='ocrx_word' id='word_1_137' title='bbox 1131 1174 1392 1231; x_wconf 86' lang='lat' dir='ltr'><strong>culpaveris,</strong></span> <span class='ocrx_word' id='word_1_138' title='bbox 1421 1174 1586 1219; x_wconf 90' lang='lat' dir='ltr'><strong>nimius</strong></span> 
     </span>
     <span class='ocr_line' id='line_1_18' title="bbox 192 1231 1588 1292; baseline 0.004 -18"><span class='ocrx_word' id='word_1_139' title='bbox 192 1231 326 1275; x_wconf 88' lang='lat' dir='ltr'><strong>fuisse</strong></span> <span class='ocrx_word' id='word_1_140' title='bbox 359 1231 529 1288; x_wconf 88' lang='lat' dir='ltr'><strong>dicaris,</strong></span> <span class='ocrx_word' id='word_1_141' title='bbox 561 1233 760 1288; x_wconf 90' lang='lat' dir='ltr'><strong>quamvis</strong></span> <span class='ocrx_word' id='word_1_142' title='bbox 794 1234 902 1277; x_wconf 90' lang='lat' dir='ltr'><strong>illud</strong></span> <span class='ocrx_word' id='word_1_143' title='bbox 935 1235 1208 1292; x_wconf 88' lang='lat' dir='ltr'><strong>plenissime,</strong></span> <span class='ocrx_word' id='word_1_144' title='bbox 1238 1235 1324 1280; x_wconf 91' lang='lat' dir='ltr'><strong>hoc</strong></span> <span class='ocrx_word' id='word_1_145' title='bbox 1355 1235 1588 1280; x_wconf 86' lang='lat' dir='ltr'><strong>restrictis-</strong></span> 
     </span>
     <span class='ocr_line' id='line_1_19' title="bbox 122 1292 1587 1356; baseline 0.005 -22"><span class='ocrx_word' id='word_1_146' title='bbox 122 1302 166 1334; x_wconf 78' lang='lat'><strong>14</strong></span> <span class='ocrx_word' id='word_1_147' title='bbox 193 1292 299 1335; x_wconf 88' lang='lat' dir='ltr'><strong>sime</strong></span> <span class='ocrx_word' id='word_1_148' title='bbox 337 1292 503 1336; x_wconf 88' lang='lat' dir='ltr'><strong>feceris.</strong></span> <span class='ocrx_word' id='word_1_149' title='bbox 566 1292 651 1337; x_wconf 84' lang='lat' dir='ltr'><strong>Sed</strong></span> <span class='ocrx_word' id='word_1_150' title='bbox 692 1295 799 1338; x_wconf 89' lang='lat' dir='ltr'><strong>haec</strong></span> <span class='ocrx_word' id='word_1_151' title='bbox 837 1311 905 1338; x_wconf 91' lang='lat' dir='ltr'><strong>me</strong></span> <span class='ocrx_word' id='word_1_152' title='bbox 947 1310 1037 1339; x_wconf 92' lang='lat' dir='ltr'><strong>non</strong></span> <span class='ocrx_word' id='word_1_153' title='bbox 1077 1296 1302 1340; x_wconf 89' lang='lat' dir='ltr'><strong>retardant</strong></span> <span class='ocrx_word' id='word_1_154' title='bbox 1342 1294 1430 1356; x_wconf 84' lang='lat' dir='ltr'><strong>(est</strong></span> <span class='ocrx_word' id='word_1_155' title='bbox 1469 1297 1587 1341; x_wconf 89' lang='lat' dir='ltr'><strong>enim</strong></span> 
     </span>
     <span class='ocr_line' id='line_1_20' title="bbox 194 1353 1586 1415; baseline 0.005 -20"><span class='ocrx_word' id='word_1_156' title='bbox 194 1353 301 1396; x_wconf 87' lang='lat' dir='ltr'><strong>mihi</strong></span> <span class='ocrx_word' id='word_1_157' title='bbox 333 1369 412 1409; x_wconf 87' lang='lat' dir='ltr'><strong>pro</strong></span> <span class='ocrx_word' id='word_1_158' title='bbox 445 1354 530 1397; x_wconf 90' lang='lat' dir='ltr'><strong>fide</strong></span> <span class='ocrx_word' id='word_1_159' title='bbox 563 1355 666 1397; x_wconf 86' lang='lat' dir='ltr'><strong>satis</strong></span> <span class='ocrx_word' id='word_1_160' title='bbox 699 1355 872 1414; x_wconf 90' lang='lat' dir='ltr'><strong>animi):</strong></span> <span class='ocrx_word' id='word_1_161' title='bbox 917 1356 1026 1400; x_wconf 90' lang='lat' dir='ltr'><strong>illud</strong></span> <span class='ocrx_word' id='word_1_162' title='bbox 1058 1360 1175 1414; x_wconf 89' lang='lat' dir='ltr'><strong>peto,</strong></span> <span class='ocrx_word' id='word_1_163' title='bbox 1212 1360 1500 1415; x_wconf 82' lang='lat' dir='ltr'><strong>praesternas,</strong></span> <span class='ocrx_word' id='word_1_164' title='bbox 1531 1358 1586 1402; x_wconf 86' lang='lat' dir='ltr'><strong>ad</strong></span> 
     </span>
     <span class='ocr_line' id='line_1_21' title="bbox 193 1414 1630 1476; baseline 0.004 -20"><span class='ocrx_word' id='word_1_165' title='bbox 193 1414 309 1469; x_wconf 92' lang='lat' dir='ltr'><strong>quod</strong></span> <span class='ocrx_word' id='word_1_166' title='bbox 341 1415 548 1471; x_wconf 87' lang='lat' dir='ltr'><strong>hortaris,</strong></span> <span class='ocrx_word' id='word_1_167' title='bbox 593 1416 814 1474; x_wconf 89' lang='lat' dir='ltr'><strong>eligasque</strong></span> <span class='ocrx_word' id='word_1_168' title='bbox 847 1419 1094 1475; x_wconf 84' lang='lat' dir='ltr'><strong>materiam,</strong></span> <span class='ocrx_word' id='word_1_169' title='bbox 1132 1434 1188 1462; x_wconf 90' lang='lat' dir='ltr'><strong>ne</strong></span> <span class='ocrx_word' id='word_1_170' title='bbox 1220 1419 1332 1463; x_wconf 83' lang='lat' dir='ltr'><strong>mihi</strong></span> <span class='ocrx_word' id='word_1_171' title='bbox 1361 1419 1451 1463; x_wconf 87' lang='lat' dir='ltr'><strong>iam</strong></span> <span class='ocrx_word' id='word_1_172' title='bbox 1483 1419 1587 1464; x_wconf 86' lang='lat' dir='ltr'><strong>scri·</strong></span> <span class='ocrx_word' id='word_1_173' title='bbox 1612 1430 1630 1476; x_wconf 58' lang='grc' dir='ltr'><strong>η</strong></span> 
     </span>
     <span class='ocr_line' id='line_1_22' title="bbox 194 1475 1588 1530; baseline 0.006 -13"><span class='ocrx_word' id='word_1_174' title='bbox 194 1475 294 1517; x_wconf 90' lang='lat' dir='ltr'><strong>bere</strong></span> <span class='ocrx_word' id='word_1_175' title='bbox 338 1478 488 1530; x_wconf 89' lang='lat' dir='ltr'><strong>parato</strong></span> <span class='ocrx_word' id='word_1_176' title='bbox 534 1476 619 1519; x_wconf 90' lang='lat' dir='ltr'><strong>alia</strong></span> <span class='ocrx_word' id='word_1_177' title='bbox 662 1492 812 1520; x_wconf 86' lang='lat' dir='ltr'><strong>rursus</strong></span> <span class='ocrx_word' id='word_1_178' title='bbox 857 1479 1149 1523; x_wconf 87' lang='lat' dir='ltr'><strong>cunctationis</strong></span> <span class='ocrx_word' id='word_1_179' title='bbox 1195 1482 1240 1524; x_wconf 90' lang='lat' dir='ltr'><strong>et</strong></span> <span class='ocrx_word' id='word_1_180' title='bbox 1283 1495 1432 1525; x_wconf 82' lang='lat' dir='ltr'><strong>morae</strong></span> <span class='ocrx_word' id='word_1_181' title='bbox 1469 1480 1588 1524; x_wconf 75' lang='lat' dir='ltr'><strong>iusta</strong></span> 
     </span>
     <span class='ocr_line' id='line_1_23' title="bbox 194 1536 736 1581; baseline 0.009 -5"><span class='ocrx_word' id='word_1_182' title='bbox 194 1536 305 1578; x_wconf 86' lang='lat' dir='ltr'><strong>ratio</strong></span> <span class='ocrx_word' id='word_1_183' title='bbox 338 1539 550 1580; x_wconf 88' lang='lat' dir='ltr'><strong>nascatur.</strong></span> <span class='ocrx_word' id='word_1_184' title='bbox 616 1537 736 1581; x_wconf 90' lang='lat' dir='ltr'><strong>Vale.</strong></span> 
     </span>
    </p>
   </div>
   <div class='ocr_carea' id='block_1_3' title="bbox 183 1643 1630 1795">
    <p class='ocr_par' dir='ltr' id='par_1_3' title="bbox 183 1643 1630 1795">
     <span class='ocr_line' id='line_1_24' title="bbox 190 1643 1630 1732; baseline -0.009 -30"><span class='ocrx_word' id='word_1_185' title='bbox 190 1643 691 1732; x_wconf 52' lang='lat' dir='ltr'><strong>&amp;asnjam-cn«,</strong></span> <span class='ocrx_word' id='word_1_186' title='bbox 710 1653 828 1722; x_wconf 56' lang='lat'>4121.</span> <span class='ocrx_word' id='word_1_187' title='bbox 864 1651 1008 1703; x_wconf 65' lang='lat' dir='ltr'><strong>[xxi]</strong></span> <span class='ocrx_word' id='word_1_188' title='bbox 1058 1653 1176 1721; x_wconf 56' lang='grc' dir='ltr'><strong>ινφ,</strong></span> <span class='ocrx_word' id='word_1_189' title='bbox 1196 1670 1279 1722; x_wconf 52' lang='lat' dir='ltr'><strong>p.</strong></span> <span class='ocrx_word' id='word_1_190' title='bbox 1628 1707 1630 1722; x_wconf 74' lang='lat'><strong>,</strong></span> 
     </span>
     <span class='ocr_line' id='line_1_25' title="bbox 183 1727 1630 1795; baseline 0.003 -27"><span class='ocrx_word' id='word_1_191' title='bbox 183 1740 220 1777; x_wconf 68' lang='grc' dir='ltr'>χ</span> <span class='ocrx_word' id='word_1_192' title='bbox 426 1734 466 1767; x_wconf 76' lang='lat' dir='ltr'><strong>o.</strong></span> <span class='ocrx_word' id='word_1_193' title='bbox 491 1736 687 1769; x_wconf 57' lang='lat' dir='ltr'><strong>vim-ms</strong></span> <span class='ocrx_word' id='word_1_194' title='bbox 717 1738 1001 1773; x_wconf 71' lang='lat' dir='ltr'><strong>sEMPRomo</strong></span> <span class='ocrx_word' id='word_1_195' title='bbox 1029 1740 1163 1774; x_wconf 80' lang='lat' dir='ltr'><strong>RUFO</strong></span> <span class='ocrx_word' id='word_1_196' title='bbox 1192 1740 1287 1775; x_wconf 82' lang='lat' dir='ltr'><strong>suo</strong></span> <span class='ocrx_word' id='word_1_197' title='bbox 1315 1741 1353 1774; x_wconf 82' lang='lat' dir='ltr'><strong>s.</strong></span> <span class='ocrx_word' id='word_1_198' title='bbox 1623 1727 1630 1795; x_wconf 75' lang='lat' dir='ltr'>j</span> 
     </span>
    </p>
   </div>
   <div class='ocr_carea' id='block_1_4' title="bbox 149 1810 1630 2307">
    <p class='ocr_par' dir='ltr' id='par_1_4' title="bbox 149 1810 1630 2307">
     <span class='ocr_line' id='line_1_26' title="bbox 150 1810 1630 1879; baseline 0.009 -27"><span class='ocrx_word' id='word_1_199' title='bbox 150 1823 168 1854; x_wconf 96' lang='lat'>1</span> <span class='ocrx_word' id='word_1_200' title='bbox 290 1810 606 1857; x_wconf 86' lang='lat' dir='ltr'><strong>Descenderam</strong></span> <span class='ocrx_word' id='word_1_201' title='bbox 639 1817 685 1858; x_wconf 91' lang='lat' dir='ltr'><strong>in</strong></span> <span class='ocrx_word' id='word_1_202' title='bbox 715 1817 939 1862; x_wconf 88' lang='lat' dir='ltr'><strong>basilicam</strong></span> <span class='ocrx_word' id='word_1_203' title='bbox 966 1818 1125 1863; x_wconf 88' lang='lat' dir='ltr'><strong>Iuliam</strong></span> <span class='ocrx_word' id='word_1_204' title='bbox 1152 1821 1394 1878; x_wconf 87' lang='lat' dir='ltr'><strong>auditurus,</strong></span> <span class='ocrx_word' id='word_1_205' title='bbox 1427 1821 1586 1879; x_wconf 90' lang='lat' dir='ltr'><strong>quibus</strong></span> <span class='ocrx_word' id='word_1_206' title='bbox 1613 1819 1630 1863; x_wconf 67' lang='lat' dir='ltr'>i</span> 
     </span>
     <span class='ocr_line' id='line_1_27' title="bbox 149 1872 1630 1947; baseline 0.01 -34"><span class='ocrx_word' id='word_1_207' title='bbox 149 1883 171 1915; x_wconf 82' lang='lat'>2</span> <span class='ocrx_word' id='word_1_208' title='bbox 199 1872 398 1928; x_wconf 86' lang='lat' dir='ltr'><strong>proxima</strong></span> <span class='ocrx_word' id='word_1_209' title='bbox 425 1877 877 1931; x_wconf 87' lang='lat' dir='ltr'><strong>comperendinatione</strong></span> <span class='ocrx_word' id='word_1_210' title='bbox 902 1881 1166 1936; x_wconf 89' lang='lat' dir='ltr'><strong>respondere</strong></span> <span class='ocrx_word' id='word_1_211' title='bbox 1192 1882 1415 1927; x_wconf 87' lang='lat' dir='ltr'><strong>debebam.</strong></span> <span class='ocrx_word' id='word_1_212' title='bbox 1458 1881 1587 1927; x_wconf 83' lang='lat' dir='ltr'><strong>Sede·</strong></span> <span class='ocrx_word' id='word_1_213' title='bbox 1623 1884 1630 1947; x_wconf 54' lang='lat' dir='ltr'><strong>i</strong></span> 
     </span>
     <span class='ocr_line' id='line_1_28' title="bbox 199 1933 1630 1997; baseline 0.011 -23"><span class='ocrx_word' id='word_1_214' title='bbox 199 1933 305 1976; x_wconf 91' lang='lat' dir='ltr'><strong>bant</strong></span> <span class='ocrx_word' id='word_1_215' title='bbox 337 1934 519 1990; x_wconf 89' lang='lat' dir='ltr'><strong>iudices,</strong></span> <span class='ocrx_word' id='word_1_216' title='bbox 557 1936 788 1980; x_wconf 89' lang='lat' dir='ltr'><strong>decemviri</strong></span> <span class='ocrx_word' id='word_1_217' title='bbox 827 1944 1046 1997; x_wconf 88' lang='lat' dir='ltr'><strong>venerant,</strong></span> <span class='ocrx_word' id='word_1_218' title='bbox 1080 1943 1427 1987; x_wconf 85' lang='lat' dir='ltr'><strong>obversabantur</strong></span> <span class='ocrx_word' id='word_1_219' title='bbox 1458 1944 1588 1988; x_wconf 82' lang='lat' dir='ltr'><strong>advo·</strong></span> <span class='ocrx_word' id='word_1_220' title='bbox 1626 1949 1630 1960; x_wconf 73' lang='lat'><em>²</em></span> 
     </span>
     <span class='ocr_line' id='line_1_29' title="bbox 198 1994 1624 2060; baseline 0.009 -26"><span class='ocrx_word' id='word_1_221' title='bbox 198 1994 303 2049; x_wconf 89' lang='lat' dir='ltr'><strong>cati,</strong></span> <span class='ocrx_word' id='word_1_222' title='bbox 354 1995 574 2038; x_wconf 88' lang='lat' dir='ltr'><strong>silentium</strong></span> <span class='ocrx_word' id='word_1_223' title='bbox 615 1998 815 2055; x_wconf 86' lang='lat' dir='ltr'><strong>longum,</strong></span> <span class='ocrx_word' id='word_1_224' title='bbox 867 2002 1042 2044; x_wconf 86' lang='lat' dir='ltr'><strong>tandem</strong></span> <span class='ocrx_word' id='word_1_225' title='bbox 1085 2019 1110 2046; x_wconf 89' lang='lat' dir='ltr'><strong>a</strong></span> <span class='ocrx_word' id='word_1_226' title='bbox 1149 2007 1351 2060; x_wconf 86' lang='lat' dir='ltr'><strong>praetore</strong></span> <span class='ocrx_word' id='word_1_227' title='bbox 1392 2005 1586 2050; x_wconf 78' lang='lat' dir='ltr'><strong>nuntius.</strong></span> <span class='ocrx_word' id='word_1_228' title='bbox 1622 2015 1624 2018; x_wconf 86' lang='grc'><em>·</em></span> 
     </span>
     <span class='ocr_line' id='line_1_30' title="bbox 198 2053 1589 2124; baseline 0.012 -29"><span class='ocrx_word' id='word_1_229' title='bbox 198 2053 492 2098; x_wconf 85' lang='lat' dir='ltr'><strong>Dimittuntur</strong></span> <span class='ocrx_word' id='word_1_230' title='bbox 533 2059 807 2115; x_wconf 88' lang='lat' dir='ltr'><strong>centumviri,</strong></span> <span class='ocrx_word' id='word_1_231' title='bbox 857 2062 1062 2107; x_wconf 84' lang='lat' dir='ltr'><strong>eximitur</strong></span> <span class='ocrx_word' id='word_1_232' title='bbox 1103 2065 1194 2109; x_wconf 88' lang='lat' dir='ltr'><strong>dies</strong></span> <span class='ocrx_word' id='word_1_233' title='bbox 1243 2081 1312 2110; x_wconf 90' lang='lat' dir='ltr'><strong>me</strong></span> <span class='ocrx_word' id='word_1_234' title='bbox 1356 2065 1589 2124; x_wconf 71' lang='lat' dir='ltr'><strong>gaudente,</strong></span> 
     </span>
     <span class='ocr_line' id='line_1_31' title="bbox 199 2114 1586 2179; baseline 0.012 -24"><span class='ocrx_word' id='word_1_235' title='bbox 199 2114 274 2169; x_wconf 91' lang='lat' dir='ltr'><strong>qui</strong></span> <span class='ocrx_word' id='word_1_236' title='bbox 314 2130 553 2171; x_wconf 88' lang='lat' dir='ltr'><strong>numquam</strong></span> <span class='ocrx_word' id='word_1_237' title='bbox 591 2118 652 2161; x_wconf 85' lang='lat' dir='ltr'><strong>ita</strong></span> <span class='ocrx_word' id='word_1_238' title='bbox 690 2124 865 2175; x_wconf 88' lang='lat' dir='ltr'><strong>paratus</strong></span> <span class='ocrx_word' id='word_1_239' title='bbox 906 2137 1019 2179; x_wconf 89' lang='lat' dir='ltr'><strong>sum,</strong></span> <span class='ocrx_word' id='word_1_240' title='bbox 1059 2128 1108 2168; x_wconf 93' lang='lat' dir='ltr'><strong>ut</strong></span> <span class='ocrx_word' id='word_1_241' title='bbox 1146 2141 1237 2170; x_wconf 90' lang='lat' dir='ltr'><strong>non</strong></span> <span class='ocrx_word' id='word_1_242' title='bbox 1278 2141 1402 2171; x_wconf 88' lang='lat' dir='ltr'><strong>mora</strong></span> <span class='ocrx_word' id='word_1_243' title='bbox 1436 2127 1586 2171; x_wconf 77' lang='lat' dir='ltr'><strong>laeter.</strong></span> 
     </span>
     <span class='ocr_line' id='line_1_32' title="bbox 150 2174 1587 2246; baseline 0.011 -30"><span class='ocrx_word' id='word_1_244' title='bbox 150 2184 172 2218; x_wconf 81' lang='lat'>3</span> <span class='ocrx_word' id='word_1_245' title='bbox 200 2174 339 2218; x_wconf 86' lang='lat' dir='ltr'><strong>Causa</strong></span> <span class='ocrx_word' id='word_1_246' title='bbox 373 2176 594 2220; x_wconf 87' lang='lat' dir='ltr'><strong>dilationis</strong></span> <span class='ocrx_word' id='word_1_247' title='bbox 632 2178 781 2236; x_wconf 90' lang='lat' dir='ltr'><strong>Nepos</strong></span> <span class='ocrx_word' id='word_1_248' title='bbox 820 2186 1011 2239; x_wconf 85' lang='lat' dir='ltr'><strong>praetor,</strong></span> <span class='ocrx_word' id='word_1_249' title='bbox 1065 2186 1142 2242; x_wconf 90' lang='lat' dir='ltr'><strong>qui</strong></span> <span class='ocrx_word' id='word_1_250' title='bbox 1184 2188 1358 2246; x_wconf 87' lang='lat' dir='ltr'><strong>legibus</strong></span> <span class='ocrx_word' id='word_1_251' title='bbox 1405 2187 1587 2245; x_wconf 83' lang='lat' dir='ltr'><strong>quaerit.</strong></span> 
     </span>
     <span class='ocr_line' id='line_1_33' title="bbox 201 2234 1616 2307; baseline 0.015 -31"><span class='ocrx_word' id='word_1_252' title='bbox 201 2234 493 2291; x_wconf 89' lang='lat' dir='ltr'><strong>Proposuerat</strong></span> <span class='ocrx_word' id='word_1_253' title='bbox 542 2239 670 2282; x_wconf 90' lang='lat' dir='ltr'><strong>breve</strong></span> <span class='ocrx_word' id='word_1_254' title='bbox 728 2242 935 2299; x_wconf 90' lang='lat' dir='ltr'><strong>edictum,</strong></span> <span class='ocrx_word' id='word_1_255' title='bbox 992 2246 1255 2292; x_wconf 87' lang='lat' dir='ltr'><strong>admonebat</strong></span> <span class='ocrx_word' id='word_1_256' title='bbox 1299 2251 1616 2307; x_wconf 50' lang='lat' dir='ltr'><strong>accusatorem*</strong></span> 
     </span>
    </p>
   </div>
   <div class='ocr_carea' id='block_1_5' title="bbox 202 2309 491 2315">
    <p class='ocr_par' dir='ltr' id='par_1_5' title="bbox 202 2309 491 2315">
     <span class='ocr_line' id='line_1_34' title="bbox 202 2309 491 2315; baseline 0 0"><span class='ocrx_word' id='word_1_257' title='bbox 202 2309 491 2315; x_wconf 95' lang='lat' dir='ltr'><strong> </strong></span> 
     </span>
    </p>
   </div>
   <div class='ocr_carea' id='block_1_6' title="bbox 295 2336 1610 2415">
    <p class='ocr_par' dir='ltr' id='par_1_6' title="bbox 295 2336 1610 2415">
     <span class='ocr_line' id='line_1_35' title="bbox 295 2336 1610 2415; baseline 0.015 -26"><span class='ocrx_word' id='word_1_258' title='bbox 295 2359 316 2389; x_wconf 86' lang='lat'>5</span> <span class='ocrx_word' id='word_1_259' title='bbox 353 2356 463 2393; x_wconf 78' lang='lat' dir='ltr'><strong>Thuc.</strong></span> <span class='ocrx_word' id='word_1_260' title='bbox 491 2358 518 2393; x_wconf 89' lang='grc' dir='ltr'><em>Ι</em></span> <span class='ocrx_word' id='word_1_261' title='bbox 539 2360 602 2395; x_wconf 80' lang='lat'><strong>22.</strong></span> <span class='ocrx_word' id='word_1_262' title='bbox 751 2364 772 2396; x_wconf 87' lang='grc'>6</span> <span class='ocrx_word' id='word_1_263' title='bbox 804 2361 864 2397; x_wconf 91' lang='lat' dir='ltr'><strong>his</strong></span> <span class='ocrx_word' id='word_1_264' title='bbox 897 2375 942 2398; x_wconf 82' lang='lat' dir='ltr'><strong>ex</strong></span> <span class='ocrx_word' id='word_1_265' title='bbox 975 2366 1072 2410; x_wconf 86' lang='lat' dir='ltr'><strong>Ma,</strong></span> <span class='ocrx_word' id='word_1_266' title='bbox 1106 2336 1156 2404; x_wconf 89' lang='lat' dir='ltr'><strong>K.</strong></span> <span class='ocrx_word' id='word_1_267' title='bbox 1178 2369 1237 2414; x_wconf 88' lang='lat'><strong>11,</strong></span> <span class='ocrx_word' id='word_1_268' title='bbox 1269 2369 1418 2415; x_wconf 67' lang='lat' dir='ltr'><strong>Muell„</strong></span> <span class='ocrx_word' id='word_1_269' title='bbox 1448 2380 1497 2407; x_wconf 82' lang='lat' dir='ltr'><strong>ex</strong></span> <span class='ocrx_word' id='word_1_270' title='bbox 1525 2353 1610 2407; x_wconf 9' lang='lat' dir='ltr'><strong>hit?</strong></span> 
     </span>
    </p>
   </div>
   <div class='ocr_carea' id='block_1_7' title="bbox 187 2403 1613 2502">
    <p class='ocr_par' dir='ltr' id='par_1_7' title="bbox 187 2403 1613 2502">
     <span class='ocr_line' id='line_1_36' title="bbox 187 2403 1613 2464; baseline 0.013 -24"><span class='ocrx_word' id='word_1_271' title='bbox 187 2403 353 2448; x_wconf 64' lang='lat' dir='ltr'><strong>.Dpr;‚</strong></span> <span class='ocrx_word' id='word_1_272' title='bbox 381 2405 432 2440; x_wconf 87' lang='lat' dir='ltr'><strong>K.</strong></span> <span class='ocrx_word' id='word_1_273' title='bbox 452 2406 484 2441; x_wconf 91' lang='grc' dir='ltr'><strong>Ι.</strong></span> <span class='ocrx_word' id='word_1_274' title='bbox 604 2410 648 2442; x_wconf 90' lang='grc'><strong>10</strong></span> <span class='ocrx_word' id='word_1_275' title='bbox 675 2407 888 2446; x_wconf 87' lang='lat' dir='ltr'><strong>forensibus</strong></span> <span class='ocrx_word' id='word_1_276' title='bbox 914 2413 1072 2459; x_wconf 80' lang='lat' dir='ltr'><strong>Dpra,</strong></span> <span class='ocrx_word' id='word_1_277' title='bbox 1101 2416 1203 2461; x_wconf 78' lang='lat' dir='ltr'><strong>Otto,</strong></span> <span class='ocrx_word' id='word_1_278' title='bbox 1230 2418 1379 2463; x_wconf 67' lang='lat' dir='ltr'><strong>Muell„</strong></span> <span class='ocrx_word' id='word_1_279' title='bbox 1403 2418 1500 2456; x_wconf 77' lang='lat' dir='ltr'><strong>meis</strong></span> <span class='ocrx_word' id='word_1_280' title='bbox 1526 2418 1588 2464; x_wconf 81' lang='grc' dir='ltr'><strong>Μ,</strong></span> <span class='ocrx_word' id='word_1_281' title='bbox 1610 2443 1613 2450; x_wconf 79' lang='lat'><strong>,</strong></span> 
     </span>
     <span class='ocr_line' id='line_1_37' title="bbox 200 2451 1505 2502; baseline 0.014 -15"><span class='ocrx_word' id='word_1_282' title='bbox 200 2451 264 2496; x_wconf 87' lang='lat' dir='ltr'><strong>K.,</strong></span> <span class='ocrx_word' id='word_1_283' title='bbox 290 2452 432 2499; x_wconf 74' lang='lat' dir='ltr'><strong>Stanyl.</strong></span> <span class='ocrx_word' id='word_1_284' title='bbox 532 2458 578 2491; x_wconf 83' lang='lat'><strong>24</strong></span> <span class='ocrx_word' id='word_1_285' title='bbox 605 2455 826 2502; x_wconf 88' lang='lat' dir='ltr'><strong>Sempronio</strong></span> <span class='ocrx_word' id='word_1_286' title='bbox 852 2471 897 2496; x_wconf 66' lang='grc' dir='ltr'><strong>σω</strong></span> <span class='ocrx_word' id='word_1_287' title='bbox 922 2462 970 2498; x_wconf 81' lang='lat' dir='ltr'><strong>R.</strong></span> <span class='ocrx_word' id='word_1_288' title='bbox 1503 2493 1505 2495; x_wconf 85' lang='lat'>·</span> 
     </span>
    </p>
   </div>
   <div class='ocr_carea' id='block_1_8' title="bbox 1593 1962 1630 2678">
    <p class='ocr_par' dir='ltr' id='par_1_8' title="bbox 1593 1962 1630 2678">
     <span class='ocr_line' id='line_1_38' title="bbox 1593 1962 1630 2678; baseline 0 0"><span class='ocrx_word' id='word_1_289' title='bbox 1593 1962 1630 2678; x_wconf 95' lang='lat' dir='ltr'><strong> </strong></span> 
     </span>
    </p>
   </div>
  </div>
 </body>
</html>
