1716 2742
478 123 842 163 EPISTULARUM
869 123 959 161 VIII
989 128 1147 161 14—16.
1445 125 1534 171 221

105 255 312 314 expulsa,
344 269 476 312 quae,
510 267 611 298 cum
647 252 800 296 ambas
828 267 1037 309 superare
1063 267 1156 295 non
1183 254 1355 309 posset,
1389 251 1537 310 elegit,

105 318 163 363 ab
195 319 299 362 utra
329 316 596 361 vinceretur.
662 314 787 359 Vale.

777 432 864 472 XV.

478 522 520 556 C.
542 520 749 555 PLINIUS
778 521 980 555 IUNIORI
1009 520 1106 555 SUO
1136 523 1173 554 S.

59 625 79 654 ο
200 604 394 652 Oneravi
426 607 471 650 te
497 607 574 649 tot
600 604 768 662 pariter
795 603 944 648 missis
972 603 1299 660 voluminibus,
1333 604 1410 648 sed
1438 619 1539 649 one·
1569 616 1586 648 1

103 668 218 726 ravi,
263 668 461 727 primum
509 667 616 725 quia
661 681 891 726 exegeras,
942 666 1101 711 deinde
1149 667 1254 724 quia
1298 667 1539 725 scripseras

103 734 198 776 tam
230 731 421 792 graciles
455 730 559 775 istic
591 729 840 774 vindemias
869 744 983 785 esse,
1016 731 1068 773 ut
1101 729 1234 787 plane
1263 730 1422 774 scirem
1448 724 1540 774 'tibi

103 797 386 852 vacaturum,
421 793 542 851 quod
568 793 706 851 vulgo
729 791 911 848 dicitur,
940 791 1146 850 [librum]
1173 792 1334 851 legere.
1369 792 1539 836 Eadem
1567 805 1589 837 2

105 872 162 902 ex
192 857 305 902 meis
339 856 497 916 agellis
538 855 814 899 nuntiantur.
882 853 1030 913 Igitur
1069 855 1182 898 mihi
1222 870 1402 913 quoque
1435 855 1540 900 lice-

42 932 79 960 10
105 920 175 965 bit
206 919 419 977 scribere,
458 934 572 976 quae
604 918 748 977 legas,
787 918 846 961 sit
885 917 1042 974 modo,
1080 918 1198 962 unde
1239 918 1418 962 chartae
1452 918 1539 962 emi

103 982 299 1041 possint3
333 997 447 1040 quae
480 981 519 1026 si
553 981 735 1025 scabrae
769 980 1007 1024 bibulaeve
1042 980 1152 1036 sint,
1196 983 1274 1024 aut
1307 996 1399 1025 non
1432 981 1538 1026 scri-

103 1045 322 1103 bendum,
370 1046 449 1089 aut
490 1044 763 1100 necessario,
809 1043 1028 1101 quidquid
1072 1044 1383 1101 scripserimus
1428 1044 1537 1087 boni

103 1107 287 1166 malive,
319 1106 579 1152 delebimus.
645 1105 769 1150 Vale.

745 1223 875 1262 XVI.
916 1216 1096 1304 2⁴11]
1116 1219 1268 1266 lelun'

42 1322 78 1350 15
451 1313 494 1347 C.
511 1312 716 1346 PLINIUS
745 1311 981 1346 PATERNO
1010 1311 1107 1346 SUO
1136 1311 1174 1346 S.

200 1395 502 1442 Confecerunt
528 1411 599 1440 me
626 1395 913 1439 infirmitates
941 1411 1164 1452 meorum,
1197 1398 1362 1440 mortes
1390 1396 1539 1453 etiam,
1568 1407 1587 1440 1

104 1462 150 1505 et
192 1459 375 1518 quidem
418 1459 642 1503 iuvenum.
711 1456 889 1503 Solacia
942 1458 1030 1502 duo
1082 1473 1369 1516 nequaquam
1412 1459 1540 1516 paria

103 1525 232 1567 tanto
266 1521 431 1579 dolori,
475 1521 642 1566 solacia
684 1524 854 1578 tamen,
897 1536 1037 1564 unum
1071 1520 1266 1566 facilitas
1299 1521 1539 1566 manumit-

104 1585 230 1631 tendi
263 1583 440 1645 (videor
479 1584 599 1628 enim
631 1599 725 1628 non
765 1584 950 1628 omnino
990 1583 1239 1628 inmaturos
1279 1583 1540 1641 perdidisse,

41 1666 79 1694 πο
106 1663 220 1707 quos
239 1648 329 1692 iam
349 1647 516 1692 liberos
537 1645 754 1705 perdidi),
786 1647 994 1702 alterum,
1023 1646 1142 1703 quod
1164 1646 1377 1704 permitto
1398 1647 1538 1691 servis

106 1726 287 1769 quoque
320 1709 451 1768 quasi
482 1712 752 1754 testamenta
784 1708 930 1753 facere
971 1723 1110 1766 eaque
1143 1711 1195 1753 ut
1226 1709 1432 1768 legitima
1465 1724 1538 1754 cu-

106 1773 267 1819 stodio.
331 1772 551 1816 Mandant
592 1774 863 1830 rogantque,
916 1771 1036 1828 quod
1082 1771 1253 1829 visum3
1304 1787 1440 1830 pareo
1487 1776 1538 1816 ut
1565 1784 1586 1816 ει

106 1837 266 1881 11188118.
330 1834 573 1891 Dividunt,
618 1834 805 1891 donant,
847 1834 1111 1891 relinquunt
1143 1834 1379 1879 dumtaxat
1420 1835 1539 1879 intra

106 1898 311 1956 domum;
361 1912 467 1943 nam
520 1897 659 1942 servis
702 1912 772 1941 res
819 1896 1002 1954 publica
1054 1897 1274 1954 quaedam
1318 1901 1363 1942 et
1410 1898 1538 1955 quasi

43 1979 80 2008 π
106 1961 266 2006 civitas
311 1960 472 2005 domus
519 1962 598 2003 est.
665 1957 769 2015 Sed,
814 1974 1086 2017 quamquam
1133 1959 1205 2004 his
1252 1960 1430 2005 solaciis
1464 1960 1538 2004 ad·
1565 1973 1587 2006 3

107 2023 353 2082 quiescam,
400 2022 613 2067 debilitor
645 2024 690 2066 et
728 2022 914 2081 frangor
946 2021 1101 2067 eadem
1133 2022 1212 2066 illa
1244 2022 1538 2078 humanitate,

107 2101 222 2145 quae
264 2101 354 2141 me,
406 2088 457 2130 ut
495 2086 583 2129 hoc
624 2085 774 2142 ipsum
816 2085 1142 2142 permitterem,
1176 2085 1366 2130 induxit.
1430 2084 1539 2131 Non

106 2149 208 2194 ideo
240 2151 394 2193 tamen
426 2148 562 2192 velim
595 2147 749 2191 durior
787 2147 897 2192 fieri.
962 2147 1061 2192 Nec
1094 2148 1254 2207 ignoro
1288 2148 1401 2192 alios
1441 2149 1537 2193 eius

107 2211 230 2258 modi
263 2225 392 2256 casus
425 2210 541 2254 nihil
568 2210 762 2268 amplius
788 2225 949 2255 vocare
984 2225 1119 2268 quam
1147 2211 1360 2255 damnum
1394 2225 1537 2269 eoque

0 2285 2 2290 '
44 2293 83 2323 ιο
108 2275 196 2320 sibi
222 2289 410 2333 magnos
437 2273 643 2317 homines
670 2275 714 2318 et
744 2273 968 2331 sapientes
996 2273 1150 2317 videri.
1198 2272 1285 2326 Qui
1306 2289 1364 2317 an
1385 2274 1538 2333 magni

202 2413 225 2447 8
236 2409 381 2447 librum
393 2410 491 2447 delet
502 2409 745 2455 OttoArchf.
757 2410 822 2446 lat.
832 2410 967 2446 Leoeik.
980 2409 1041 2446 VI
1049 2412 1107 2446 13.
1156 2411 1202 2445 10
1218 2419 1374 2455 quae—
1386 2413 1430 2446 11
1444 2410 1538 2447 scri-

108 2458 281 2497 bendum
307 2471 378 2498 om.
406 2460 518 2504 BM,
548 2459 638 2496 add.
656 2471 693 2505 a,
714 2459 764 2505 cf.
787 2459 840 2497 K.
862 2460 915 2496 II
936 2460 988 2496 ad
1006 2459 1042 2496 h.
1065 2460 1087 2495 l.
1110 2463 1145 2496 et
1164 2460 1291 2506 praef.
1307 2471 1348 2506 p.
1371 2459 1536 2497 XXXI.

111 2513 156 2547 18
183 2509 327 2548 malive
354 2508 574 2547 delebimus
601 2522 637 2555 a,
666 2510 717 2547 K.
735 2510 788 2554 ΙΙ,
816 2508 912 2546 mali
938 2508 1159 2546 videbimus
1182 2508 1241 2554 M,
1269 2520 1315 2546 ve
1340 2509 1411 2547 del.
1433 2511 1485 2547 K.
1502 2511 1536 2547 I.
