1630 2678
158 120 216 164 92
745 114 783 151 C.
811 113 946 150 PLlNI

109 241 130 273 6
157 232 206 272 ut
249 228 447 286 plurimis
486 230 632 270 orator
677 226 899 270 habeatur.
973 225 1127 282 Itaque
1171 224 1423 271 Herennius
1468 223 1542 270 Se-

156 289 280 334 necio
314 289 492 332 mirifice
525 286 702 331 Catonis
733 287 843 330 illud
875 287 927 330 de
960 289 1132 330 oratore
1162 286 1210 330 in
1239 286 1359 331 hunc
1390 301 1415 330 e
1440 300 1543 331 con-

158 350 290 394 trario
332 350 477 392 vertit:
519 346 723 392 ‘Orator
764 350 842 391 est
882 348 962 391 vir
1002 348 1168 392 malus
1207 347 1418 392 dicendi
1457 348 1543 392 im-

157 410 385 468 peritus.’
446 408 549 453 Non
581 409 827 453 mehercule
860 408 966 452 Cato
999 410 1094 466 ipse
1125 411 1216 453 tam
1247 409 1360 453 bene
1390 424 1544 454 verum

110 482 131 515 6
157 475 369 515 oratorem
403 486 533 526 quam
563 470 636 514 hic
667 469 887 527 Regulum
919 470 1143 527 expressit.
1198 469 1421 528 Habesne,
1454 485 1543 528 quo
1568 487 1587 514 ο

157 533 233 575 tali
265 532 471 588 epistulae
509 546 657 587 parem
689 532 875 590 gratiam
906 531 1097 575 referas?
1147 530 1315 589 Habes,
1339 530 1378 575 si
1408 531 1543 589 scrip-

157 593 281 648 seris,
317 607 422 635 num
462 593 620 648 aliquis
671 592 718 635 in
759 592 998 649 municipio
1037 595 1183 636 vestro
1223 607 1278 637 ex
1317 592 1542 637 sodalibus

156 653 273 708 meis,
298 668 403 696 num
435 653 566 696 etiam
586 653 680 710 ipse
705 656 755 697 tu
779 653 897 698 hunc
915 654 1166 698 luctuosum
1186 653 1347 712 Reguli
1376 653 1542 698 librum

156 717 205 757 ut
236 714 477 767 *circulator
518 715 563 757 in
594 715 691 758 foro
723 715 901 772 legeris,
932 713 1134 772 ἐπάρας
1165 715 1352 772 scilicet,
1391 717 1444 759 ut
1480 715 1543 759 ait

156 775 488 831 Demosthenes,
539 776 633 831 τὴν
679 777 863 832 φωνὴν
906 776 993 820 καὶ
1037 777 1289 833 γεγηθὼς
1331 776 1420 821 καὶ
1463 779 1542 821 λα·
1567 791 1604 820 ιο

110 846 129 878 7
157 837 435 892 ρυγγίζων.
497 835 580 879 Est
623 836 739 879 enim
779 838 870 880 tam
912 837 1104 894 ineptus,
1145 840 1196 881 ut
1232 837 1370 882 risum
1402 837 1544 896 magis

154 897 295 953 possit
325 897 565 953 exprimere
592 912 723 953 quam
755 898 985 956 gemitum:
1017 899 1166 944 credas
1198 914 1289 943 non
1322 899 1376 943 de
1406 913 1544 957 puero

156 958 384 1013 scriptum,
418 958 492 1001 sed
524 973 549 1001 a
580 973 729 1015 puero.
792 958 913 1003 Vale.

210 1075 480 1137 huss‘blacfm
501 1109 550 1132 ις
571 1112 715 1163 aufem
790 1097 902 1136 Vffl·

384 1182 425 1215 C.
446 1183 646 1216 PLINIUS
674 1183 879 1218 MATURO
908 1184 1125 1218 ARRIANO
1154 1184 1248 1218 SUO
1277 1184 1315 1218 S·
1570 1194 1607 1223 15

110 1271 126 1302 1
253 1259 492 1306 Gratularis
530 1263 662 1320 mihi,
699 1264 816 1320 quod
855 1265 1096 1321 acceperim
1128 1267 1414 1323 auguratum:
1451 1265 1546 1309 iure

155 1323 405 1379 gratularis,
436 1323 627 1379 primum
660 1326 777 1381 quod
810 1326 1058 1383 gravissimi
1089 1326 1302 1383 principis
1333 1325 1546 1371 iudicium

156 1383 201 1425 in
220 1383 459 1427 minoribus
479 1386 611 1428 etiam
636 1385 766 1429 rebus
793 1387 1001 1443 consequi
1026 1387 1260 1444 pulchrum
1286 1390 1365 1444 est,
1391 1387 1546 1432 deinde

158 1444 273 1498 quod
315 1445 603 1489 sacerdotium
645 1447 790 1504 ipsum
831 1462 932 1491 cum
973 1450 1167 1504 priscum
1204 1451 1250 1493 et
1286 1448 1546 1507 religiosum

156 1507 250 1547 tum
293 1504 377 1548 hoc
421 1521 594 1562 quoque
635 1522 805 1552 sacrum
852 1509 981 1565 plane
1013 1512 1057 1552 et
1093 1510 1266 1568 insigne
1298 1512 1383 1566 est,
1426 1509 1546 1567 quod
1570 1526 1608 1553 πο

108 1573 129 1605 2
156 1579 246 1607 non
276 1565 482 1609 adimitur
507 1569 683 1611 viventi.
723 1569 840 1613 Nam
867 1572 1010 1613 cetera
1036 1586 1303 1627 quamquam
1329 1570 1546 1630 dignitate

108 1696 130 1728 3
155 1639 365 1729 1)ἔὲἓίῗέ
369 1626 963 1747 ἷῖῗιὲἒέὲᾶιᾷἰῖΐῖῗέῗ
974 1632 1434 1749 ξὲζεῗὲῗῆἳῖἓῖῗὲιὲῃ
1433 1631 1546 1737 11133

156 1746 287 1789 etiam
319 1749 609 1804 gratulatione
641 1751 820 1808 dignum
846 1753 1037 1810 videtur,
1069 1755 1188 1810 quod
1213 1753 1405 1798 successi
1428 1753 1543 1798 Iulio

157 1805 387 1861 Frontino,
425 1809 614 1866 principi
645 1812 756 1867 viro,
799 1814 874 1868 qui
912 1829 981 1857 me
1012 1815 1328 1860 nominationis
1360 1815 1430 1859 die
1461 1829 1542 1872 per
1565 1829 1602 1858 25

156 1867 237 1910 hos
270 1869 500 1912 continuos
533 1886 669 1914 annos
700 1873 814 1916 inter
845 1876 1088 1919 sacerdotes
1121 1876 1396 1933 nominabat,
1433 1878 1544 1920 tam-

158 1943 288 1983 quam
332 1929 378 1971 in
417 1930 563 1973 locum
606 1947 732 1975 suum
774 1938 1015 1992 cooptaret3
1055 1937 1173 1992 quod
1210 1952 1330 1982 1111110
1360 1939 1542 1982 eventus

107 1999 130 2032 4
155 1988 218 2031 ita
236 1990 553 2047 comprobavit,
582 1995 632 2035 ut
650 2007 739 2036 non
757 1994 988 2039 fortuitum
1008 1997 1238 2042 videretur.
1270 1997 1332 2042 Te
1353 1997 1545 2055 quidem,

157 2051 207 2091 ut
250 2050 423 2106 scribis,
464 2051 519 2094 ob
561 2051 645 2095 hoc
687 2055 873 2098 maxime
915 2057 1101 2101 delectat
1133 2062 1373 2117 auguratus
1405 2073 1544 2116 meua,

256 2172 274 2203 1
302 2170 346 2204 ut
386 2168 562 2215 plurimis
601 2174 727 2207 orator
765 2174 914 2220 RFpr
952 2177 1051 2221 (vide
1085 2179 1191 2223 infra
1226 2180 1277 2216 ad
1302 2182 1370 2225 13,
1404 2182 1451 2224 9,·
1493 2179 1542 2224 cf.

166 2216 223 2252 VI
236 2219 298 2262 24,
317 2220 339 2253 5
346 2232 361 2262 ;
382 2218 465 2254 VII
477 2221 539 2264 27,
558 2222 603 2264 6;
621 2231 756 2267 paney.
778 2225 838 2266 88,
857 2226 916 2268 3),
942 2226 986 2260 ut
1012 2236 1035 2260 a
1054 2226 1231 2272 plurimis
1251 2239 1303 2264 or.
1330 2240 1367 2273 α,
1390 2227 1539 2272 eatan„

159 2265 261 2310 Otto,
300 2266 452 2312 Muell.,
489 2268 534 2303 ut
571 2270 700 2305 orator
728 2273 776 2306 M
788 2271 875 2315 VD,
902 2273 966 2318 K„
995 2274 1145 2321 Stanyl,
1178 2276 1296 2312 Merr.
1358 2279 1404 2312 10
1430 2276 1540 2313 Dem.

156 2324 229 2350 cor.
248 2316 332 2351 291.
419 2319 461 2351 11
488 2316 609 2352 risum
628 2338 674 2344 --
696 2322 741 2353 12
768 2320 952 2365 gemitum
978 2333 1046 2358 om.
1075 2324 1226 2360 MVD.
1305 2329 1350 2361 15
1375 2324 1541 2362 Arriano

157 2361 244 2398 add.
264 2374 310 2398 ex
328 2363 376 2400 R.
455 2368 501 2400 21
523 2367 651 2402 cetera
676 2366 814 2412 RFa,
842 2368 936 2413 Otto,
964 2371 1109 2417 MuelL,
1136 2371 1216 2408 alia
1239 2374 1320 2409 rell.
1339 2395 1388 2400 —
1407 2385 1541 2420 quam-

157 2422 271 2456 quam
298 2411 403 2458 dign.
423 2424 593 2459 propem.
613 2414 725 2461 paria
751 2427 818 2452 om.
841 2417 937 2454 RF.
1033 2423 1079 2455 23
1106 2421 1223 2457 etiam
1249 2421 1347 2458 illud
1372 2422 1540 2469 RFpa.
