1716 2742
22 938 59 965 10

22 1250 58 1278 15

23 1564 59 1592 20

24 1877 60 1904 25

483 141 842 179 EPISTULARUM
870 142 942 179 VII
969 147 1128 180 21—24.
1430 147 1518 192 195

82 256 233 314 fortis,
274 270 408 315 rogo,
449 273 506 301 ne
549 258 634 301 tibi
678 260 835 302 contra
873 257 1094 301 rationem
1138 258 1297 302 aetatis
1341 261 1517 303 tantum

82 318 252 363 laboris
291 319 512 379 iniungas.
579 319 699 373 Quin
740 321 881 364 immo
926 320 1161 378 denuntio,
1205 324 1257 365 ut
1302 321 1431 366 illum
1475 325 1520 366 et

83 381 207 426 domi
239 384 286 426 et
316 381 437 426 intra
469 383 653 427 domum
687 385 822 440 atque
850 383 986 427 etiam
1013 383 1131 427 intra
1158 383 1355 428 cubiculi
1379 385 1521 429 limen

83 446 302 502 expectes.
367 443 575 502 Etenim,
608 460 710 490 cum
744 462 770 488 a
803 461 874 489 me
907 449 959 489 ut
990 445 1129 490 frater
1162 447 1395 505 diligatur,
1427 463 1521 491 non

84 507 218 551 debet
250 507 306 551 ab
340 522 412 562 eo,
447 523 581 566 quem
616 523 700 567 ego
734 508 933 566 parentis
966 509 1067 552 loco
1104 509 1310 566 observo,
1345 511 1522 569 exigere

84 569 306 627 officium,
341 570 462 626 quod
495 571 671 628 parenti
699 586 780 614 suo
813 571 1069 615 remisisset.
1136 571 1259 615 Vale.

725 688 875 726 XXIV.
948 683 1340 770 Ρῃαιὲιβμωφὼῥ
1366 707 1454 739 ΛΜ

456 776 498 810 o.
522 777 727 810 PLINIUS
757 776 954 810 GEMINo
984 776 1080 810 sito
1111 778 1149 810 s.
1247 766 1433 819 qam-As»-

178 859 410 917 Ummidia
431 859 710 914 Quadratilla
730 862 867 918 paulo
890 862 1039 906 minus
1061 863 1371 921 octogensimo
1407 866 1521 907 aeta-

84 922 144 966 tis
190 938 309 967 anno
356 923 548 967 decessit
592 938 735 981 usque
781 924 838 968 ad
882 924 1176 969 novissimam
1218 926 1522 970 valetudinem

84 984 241 1029 viridis
276 988 411 1043 atque
438 986 573 1030 etiam
602 986 722 1030 ultra
748 988 1045 1031 matronalem
1073 988 1258 1041 modum
1286 991 1522 1046 compacto

85 1062 275 1106 corpore
309 1052 353 1092 et
385 1048 586 1093 robustO.
640 1048 846 1094 Decessit
877 1049 1198 1094 honestissimo
1233 1053 1523 1095 testamento:

83 1110 270 1168 reliquit
313 1110 498 1155 heredes
545 1127 601 1156 ex
645 1112 771 1156 besse
823 1115 1054 1170 nepotem,
1106 1129 1161 1156 ex
1213 1114 1346 1157 tertia
1398 1117 1524 1172 parte

83 1168 278 1231 neptem.
342 1173 539 1232 Neptem
574 1190 733 1232 parum
767 1176 894 1231 novi,
927 1179 1140 1233 nepotem
1174 1176 1524 1221 familiarissime

85 1235 246 1295 diligo,
284 1236 617 1281 adulescentem
661 1238 935 1296 singularem
975 1254 1058 1282 nec
1092 1238 1145 1282 iis
1179 1242 1356 1283 tantum
1365 1274 1377 1296 ,
1411 1255 1523 1297 quos

85 1298 303 1357 sanguine
337 1300 542 1358 attingit,
575 1300 692 1344 inter
723 1301 1002 1358 propinquos
1037 1301 1290 1345 amandum.
1338 1303 1406 1346 Ac
1436 1302 1524 1360 pri-

84 1376 209 1405 mum
249 1363 519 1420 conspicuus
559 1363 707 1407 forma
750 1379 905 1407 omnes
949 1378 1177 1408 sermones
1221 1365 1523 1423 malignorum

85 1427 132 1468 et
162 1439 276 1482 puer
308 1427 353 1468 et
385 1425 560 1469 iuvenis
594 1426 737 1470 evasit
771 1427 890 1470 intra
918 1430 1128 1484 quartum
1157 1430 1201 1471 et
1228 1428 1523 1471 vicensimum

85 1501 253 1531 annum
287 1488 475 1532 maritus
510 1491 572 1545 et,
608 1489 645 1531 si
679 1489 787 1533 deus
822 1489 1074 1546 adnuisset,
1107 1493 1246 1547 pater.
1313 1490 1442 1534 Vixit
1477 1490 1524 1533 in

85 1550 381 1594 contubernio
423 1551 547 1595 aviae
591 1551 806 1596 delicatae
847 1552 1125 1596 severissime
1168 1555 1212 1596 et
1254 1555 1406 1597 tamen
1449 1553 1525 1596 ob-

85 1613 438 1670 sequentissime.
504 1613 715 1658 Habebat
766 1615 845 1658 illa
896 1616 1200 1672 pantomimos
1253 1615 1525 1673 fovebatque

85 1674 288 1733 effusius,
322 1691 458 1733 quam
485 1677 682 1734 principi
708 1677 900 1721 feminae
932 1678 1154 1722 convenit.
1202 1677 1299 1722 Hos
1328 1677 1525 1731 Quadra-

85 1740 159 1782 tus
191 1753 285 1782 non
311 1739 360 1782 in
385 1739 581 1797 theatro,
609 1755 702 1782 non
730 1740 851 1783 domi
879 1740 1129 1797 spectabat3
1156 1756 1239 1785 nec
1271 1741 1351 1784 illa
1378 1742 1524 1800 exige-

86 1801 176 1844 bat.
223 1799 392 1845 Audivi
418 1802 582 1860 ipsam,
611 1817 712 1846 cum
749 1802 861 1846 mihi
888 1803 1223 1847 commendaret
1248 1803 1426 1861 nepotis
1455 1805 1524 1848 sui

88 1862 256 1920 studia,
296 1865 439 1908 solere
474 1880 519 1908 se
553 1868 605 1908 ut
637 1865 851 1908 feminam
885 1866 932 1909 in
965 1866 1044 1909 illo
1080 1867 1180 1923 otio⁸
1209 1881 1340 1910 sexus
1373 1867 1524 1910 laxare

87 1925 288 1970 animum
326 1927 431 1970 lusu
464 1927 759 1984 calculorum,
801 1928 943 1972 solere
983 1931 1186 1986 spectare
1218 1929 1523 1986 pantomimos

88 2003 212 2032 suos:
246 1989 342 2045 sed,
378 2004 480 2033 cum
514 1989 689 2034 factura
716 1994 831 2034 esset
858 1991 1145 2049 alterutrum,
1173 2007 1350 2049 semper
1378 2007 1424 2035 se
1451 2008 1523 2035 ne-

87 2051 186 2108 poti
213 2066 293 2095 suo
327 2053 607 2110 praecepisse
641 2053 783 2096 abiret
817 2054 1123 2112 studeretque;
1152 2055 1272 2112 quod
1294 2055 1406 2098 mihi
1432 2070 1525 2098 non

87 2129 239 2158 amore
283 2115 377 2158 eius
422 2116 565 2174 magis
609 2116 755 2160 facere
799 2131 932 2173 quam
980 2117 1231 2161 reverentia
1276 2117 1523 2161 videbatur.

87 2176 334 2234 Miraberis,
363 2180 407 2220 et
434 2192 518 2236 ego
546 2178 733 2223 miratus
762 2194 872 2223 sum.
921 2179 1143 2223 Proximis
1172 2179 1523 2224 sacerdotalibus
1565 2193 1571 2201 ·

86 2239 206 2284 ludis
238 2240 471 2297 productis
499 2241 547 2284 in
573 2242 889 2286 commissione
914 2243 1224 2299 pantomimis,
1259 2257 1362 2286 cum
1391 2242 1525 2286 simul

87 2302 264 2346 theatro
293 2318 376 2361 ego
406 2306 450 2347 et
478 2302 730 2356 Quadratus
766 2304 1089 2363 egrederemur,
1123 2305 1186 2348 ait
1218 2304 1349 2348 mihi:
1403 2303 1524 2349 ‘Scis

89 2380 161 2409 me
198 2364 333 2410 hodie
373 2367 571 2423 primum
604 2366 768 2411 vidisse
802 2367 1040 2411 saltantem
1075 2368 1199 2411 aviae
1238 2383 1360 2411 meae
1392 2367 1525 2411 liber-

190 2479 212 2512 3
233 2476 355 2512 etiam
375 2489 444 2514 om.
468 2478 509 2514 D
516 2489 587 2524 pr.
692 2482 738 2513 22
761 2478 944 2515 convenit
967 2478 1026 2521 M,
1050 2479 1114 2523 K„
1137 2478 1272 2523 Illerr„
1301 2478 1525 2515 conveniret

91 2526 255 2573 Dpra,
286 2527 383 2572 Otto,
414 2528 548 2564 Muell.
674 2532 720 2564 29
749 2528 797 2574 ef.
820 2530 954 2566 Iuven.
977 2528 1086 2565 XIV
1104 2531 1163 2565 47.
1295 2528 1367 2564 32*
1395 2529 1479 2565 scin
1506 2528 1525 2565 52

1227 2603 1298 2639 13*
