1630 2678
89 317 109 348 9

68 559 112 591 10

69 681 110 712 11

73 1166 116 1198 13

78 1469 121 1500 14

81 1710 125 1742 15

109 2201 128 2232 1

135 198 191 241 68
723 187 761 222 C.
782 183 914 221 PLINI

136 307 264 350 lebat.
308 304 360 347 In
391 305 471 346 hac
495 299 811 356 tranquillitate
843 310 1005 340 annum
1034 292 1238 350 quintum
1271 292 1316 334 et
1346 290 1520 347 septua-

137 367 380 426 gensimum
401 361 583 407 excessit
597 360 781 403 delicato
803 358 941 414 magis
969 368 1151 411 corpore
1172 366 1306 409 quam
1323 349 1520 406 inflrmo3

137 432 271 484 utque
302 425 561 469 novissimus
594 437 619 464 a
643 420 819 464 Nerone
850 419 991 461 factus
1018 417 1084 459 est
1109 413 1282 470 consul,
1313 411 1378 458 ita
1400 413 1522 470 post-

136 503 278 532 remus
311 502 364 529 ex
394 484 614 538 omnibus,
648 496 757 538 quos
782 479 902 524 Nero
935 476 1137 522 consules
1168 474 1346 531 fecerat,
1376 472 1522 517 deces-

138 550 205 592 sit.
267 546 380 590 Illud
411 546 542 589 etiam
573 543 785 587 notabile:
823 540 1005 584 ultimus
1038 553 1092 581 ex
1121 533 1388 580 Neronianis
1420 547 1523 578 con·
1548 547 1566 575 5

139 609 350 653 sularibus
382 607 511 661 obiit,
544 618 631 661 quo
664 603 843 647 consule
867 601 987 644 Nero
1014 598 1157 655 periit.
1203 595 1332 649 Quod
1357 609 1427 639 me
1458 608 1525 638 10·

138 670 386 714 001(101110111
423 665 674 724 fragilitatis
711 665 926 707 humanae
958 658 1180 704 miseratio
1214 656 1346 702 subit.
1409 654 1526 708 Quid

139 731 251 775 enim
282 733 371 772 tam
403 727 724 781 circumcisum,
756 728 847 768 tam
878 723 1007 766 breve
1046 735 1178 778 quam
1208 717 1404 764 hominis
1434 716 1528 762 vita

139 789 421 848 longissima?
440 788 511 831 An
530 803 620 831 non
638 786 810 830 videtur
829 785 911 828 tibi
924 782 1043 827 Nero
1058 781 1190 825 modo
1204 779 1337 824 modo
1351 775 1527 823 fuisse?

140 867 236 897 cum
268 850 442 894 interim
462 865 514 892 ex
539 848 613 904 iis,
645 848 720 903 qui
752 847 832 890 sub
865 846 942 888 illo
975 844 1200 902 gesserant
1234 840 1527 896 consulatum,
1551 853 1588 880 10

94 926 113 955 ιε
139 927 264 956 1101110
290 912 377 954 10111
404 913 612 967 superest.
645 908 919 963 Quamquam
947 905 1052 963 quid
1077 904 1163 948 1100
1188 900 1355 947 miror?
1384 914 1528 958 nuper
1566 947 1569 950 ,

140 974 187 1017 L.
220 972 342 1028 Piso,
372 974 495 1028 pater
526 970 698 1013 Pisonis
732 970 870 1024 illius,
909 967 985 1024 qui
1016 982 1042 1009 a
1073 965 1251 1009 Valerio
1282 961 1416 1007 Festo
1449 975 1529 1020 per

142 1048 357 1077 summum
389 1033 558 1076 facinus
590 1032 637 1074 in
668 1030 819 1074 Africa
851 1029 1018 1072 occisus
1052 1029 1135 1081 est,
1175 1025 1320 1070 dicere
1357 1020 1530 1069 solebat

141 1095 357 1138 neminem
394 1109 440 1136 se
478 1092 624 1135 videre
661 1092 707 1134 in
739 1093 910 1146 senatu,
950 1104 1080 1145 quem
1118 1086 1275 1132 consul
1305 1085 1402 1143 ipse
1433 1098 1530 1128 sen·

142 1155 322 1199 tentiam
354 1155 606 1211 rogavisset.
657 1152 765 1195 Tam
797 1151 994 1209 angustis
1025 1147 1225 1193 terminis
1249 1148 1400 1191 tantae
1418 1143 1530 1190 mul-
1555 1159 1591 1188 15

144 1215 344 1259 titudinis
376 1215 585 1258 vivacitas
611 1214 707 1270 ipsa
733 1211 1027 1267 concluditur,
1057 1213 1107 1254 ut
1138 1209 1249 1254 mihi
1278 1222 1371 1252 non
1401 1206 1530 1251 venia

144 1278 284 1320 solum
318 1276 492 1334 dignae,
523 1290 674 1318 verum
701 1274 831 1317 ctiam
863 1272 991 1316 laude
1010 1271 1242 1315 videantur
1259 1268 1362 1314 illae
1382 1266 1531 1326 regiae

144 1338 356 1381 lacrimae.
417 1336 533 1380 Nam
574 1336 722 1379 ferunt
761 1335 954 1390 Xerxen,
997 1348 1095 1377 cum
1129 1333 1379 1375 inmensum
1411 1343 1531 1373 exer·

146 1399 278 1441 citum
306 1398 442 1441 oculis
469 1397 643 1452 obisset,
669 1396 976 1451 inlacrimasse,
1003 1394 1121 1451 quod
1146 1395 1216 1437 tot
1233 1391 1414 1436 milibus
1438 1392 1531 1434 tam

148 1459 267 1501 brevi
305 1459 533 1501 inmineret
564 1472 754 1501 occasus.
813 1455 897 1499 Sed
928 1458 1052 1499 tanto
1084 1454 1226 1513 magis
1263 1453 1370 1509 hoc,
1407 1449 1531 1509 quide
1556 1464 1593 1493 20

150 1519 252 1575 quid
284 1522 349 1561 est
379 1519 586 1574 temporis
618 1518 778 1561 futtih's
811 1521 855 1561 01
881 1517 1050 1572 caduci,
1082 1516 1120 1560 si
1138 1530 1230 1559 non
1248 1514 1380 1558 datur
1402 1510 1533 1571 factis
1591 1547 1593 1550 .

149 1579 270 1637 (nam
289 1580 444 1622 horum
466 1580 645 1622 materia
663 1580 710 1622 in
729 1579 871 1622 aliena
890 1576 1062 1636 manu),
1082 1580 1198 1621 certe
1218 1574 1376 1620 studiis
1389 1572 1534 1632 profe-

151 1655 295 1683 ramus
315 1643 370 1694 01,
397 1643 607 1696 quatenus
626 1640 754 1683 nobis
774 1640 1014 1697 denegatur
1034 1639 1109 1682 diu
1129 1638 1289 1694 vivere,
1313 1635 1535 1692 relinqua-

153 1716 249 1743 mus
275 1701 452 1756 aliquid,
484 1715 569 1755 quo
595 1716 674 1744 nos
694 1701 854 1744 vixisse
874 1703 1095 1743 testemur.
1138 1698 1240 1743 Scio
1273 1700 1317 1741 te
1343 1694 1534 1741 stimulis

151 1776 242 1804 non
254 1775 397 1818 egere:
418 1776 484 1804 1110
498 1765 644 1804 10111011
657 1763 722 1804 1111
736 1763 892 1805 caritas
907 1764 1071 1816 evocat,
1091 1763 1143 1804 ut
1162 1760 1409 1804 currentem
1429 1770 1536 1815 quo·
1561 1770 1598 1799 2⁵

154 1837 237 1878 que
267 1821 484 1879 instigem,
503 1823 615 1865 sicut
633 1826 682 1864 tu
701 1824 812 1865 soles
833 1838 912 1866 me.
940 1822 1107 1879 Ἀγαθὴ
1141 1822 1186 1864 δ’
1218 1819 1333 1878 ἔρις,
1351 1815 1453 1863 cum
1471 1817 1536 1862 in-

154 1883 290 1925 vicem
337 1897 382 1925 se
424 1883 585 1925 mutuis
636 1883 1011 1926 exhortationibus
1062 1882 1192 1926 amici
1239 1881 1295 1926 ad
1341 1893 1538 1925 amorem

157 1943 481 1986 inmortalitatis
514 1947 739 1986 exacuunt.
798 1944 916 1987 Vale.
1437 1935 1440 1939 ⁸

188 2045 494 2118 muffwsst,
529 2038 724 2087 mma
781 2050 895 2088 vm.

314 2123 355 2156 0.
376 2123 573 2156 mamus
601 2124 846 2157 SUE'romo
875 2124 1198 2165 TRANQUILLO.
1222 2123 1316 2158 SUO
1345 2106 1394 2174 81
1565 2131 1601 2177 sq

253 2190 378 2234 Facis
392 2206 470 2246 pro
491 2194 633 2234 001010
646 2193 898 2247 reverentia,
917 2207 1048 2248 quam
1069 2191 1178 2235 1111111
1191 2193 1402 2249 praestas,
1421 2187 1540 2246 quod

155 2254 247 2295 tam
267 2252 453 2295 sollicite
473 2252 599 2308 petis,
629 2255 678 2294 ut
697 2253 978 2308 tribunatum,
1012 2268 1142 2309 quem
1173 2268 1199 2297 a
1223 2251 1407 2298 Neratio
1426 2249 1540 2295 Mar-

255 2356 277 2388 9
303 2354 461 2390 alterum
486 2352 598 2388 modo
624 2364 693 2389 om.
714 2354 858 2399 Fpra.
958 2357 1003 2389 20
1030 2353 1154 2390 brevis
1181 2354 1299 2398 codd„
1319 2326 1542 2398 cath-brevi

158 2402 390 2438 Leithduser.
417 2423 463 2427 —
489 2402 597 2436 tanto
624 2402 710 2437 FD
715 2413 745 2447 p
756 2414 796 2445 a,
823 2413 866 2437 eo
894 2403 944 2438 M
956 2403 1057 2439 Vrs.
1158 2406 1205 2438 22
1231 2413 1299 2438 nos
1326 2405 1414 2439 ante
1438 2400 1542 2437 certe

155 2450 246 2487 add.
268 2449 318 2486 M
325 2459 359 2494 ς,
384 2461 538 2486 11080010
557 2450 601 2494 V,-
626 2461 742 2485 manu
760 2450 913 2496 posita),
934 2453 1035 2487 certe
1055 2452 1149 2488 coni.
1172 2451 1306 2488 Muell.
1384 2457 1389 2459 ⁴
1408 2452 1454 2486 25
1479 2459 1542 2485 1110

159 2509 229 2536 om.
249 2498 298 2535 F.
398 2502 443 2534 26
470 2499 623 2535 Hesiod.
650 2510 707 2544 op.
727 2501 787 2535 24.
1242 2524 1245 2528 .
1311 2526 1315 2528 ,
1348 2516 1351 2525 .
1380 2523 1382 2525 ,
1429 2504 1434 2508 >
1501 2511 1505 2525 1
