1716 2742
23 798 62 828 10

28 2061 66 2106 ³⁹

465 78 826 143 muneramus
854 109 913 151 6⁵1,
927 115 945 142 s
961 127 1005 132 -
1022 108 1081 150 69,
1097 115 1126 142 e„
1418 106 1506 151 381

85 221 222 267 etiam
260 235 363 266 cum
402 220 659 266 domesticis
699 221 786 265 aris
824 220 1026 279 focisque
1066 221 1311 265 semones!
1364 217 1510 265 Scires

85 282 363 330 mollissimis
403 283 501 328 istis
545 284 727 329 auribus
761 284 896 342 parci.
961 283 1023 328 Et
1055 283 1245 342 alioqui,
1285 298 1389 329 cum
1421 282 1512 327 sint

86 346 240 393 odium
271 361 487 404 amorque
520 347 763 405 contraria,
795 347 882 392 hoc
914 362 1131 405 perquam
1160 347 1306 391 simile
1330 345 1510 403 habent,

86 409 208 469 quod
238 409 304 454 ibi
334 408 705 466 intemperantius
738 425 939 454 amamus
972 410 1115 455 bonos
1148 409 1395 468 principes,
1433 409 1511 454 ubi

83 472 270 519 liberius
302 472 446 517 malos
480 472 669 517 odimus.

180 533 352 594 Cepisti
370 537 521 580 tamen
549 537 594 579 et
614 535 814 580 adfectus
834 536 978 580 nostri
998 538 1044 580 et
1063 534 1218 580 iudicii
1237 534 1512 593 experimen·
1524 530 1586 579 69

84 601 202 657 tum,
235 600 453 657 quantum
487 597 733 642 maximum
765 613 974 656 praesens
1009 613 1165 657 capere
1191 598 1398 656 potuisti,
1430 597 1510 642 illo

87 661 179 720 die,
209 676 300 720 quo
333 660 630 706 sollicitudini
662 661 914 719 pudorique
941 661 1280 706 candidatorum
1313 661 1377 705 ita
1409 675 1511 705 con·

86 724 287 782 subiisti,
325 739 382 768 ne
420 723 558 768 ullius
599 724 813 783 gaudium
853 725 1035 769 alterius
1075 724 1260 768 tristitia
1297 723 1510 768 turbaret.

86 785 183 832 Alii
213 802 317 833 cum
341 786 534 844 laetitia,
566 787 645 831 alii
671 802 773 831 cum
800 802 878 845 spe
905 790 1202 844 recesserunt,
1234 786 1388 831 multis
1415 801 1513 847 gra·

85 849 342 908 tulandum,
379 865 514 894 nemo
554 850 853 894 consolandus
892 850 990 894 fuit.
1054 849 1151 895 Nec
1189 850 1289 894 ideo
1331 849 1512 909 segnius
1539 860 1561 894 2

84 913 269 959 iuvenes
288 915 468 958 nostros
489 912 750 958 exhortatus
779 929 823 958 es
834 947 846 971 ‚
874 916 1076 957 senatum
1106 913 1413 970 circumirent,
1445 928 1513 958 se·

85 976 215 1023 natui
253 976 560 1035 supplicarent
598 978 733 1034 atque
772 976 836 1020 ita
875 992 900 1020 a
939 976 1141 1034 principe
1175 978 1404 1034 sperarent
1434 975 1514 1020 ho·

86 1055 237 1098 nores,
277 1038 315 1085 si
353 1055 381 1084 a
412 1041 571 1084 senatu
602 1039 832 1097 petissent.
898 1038 995 1092 Quo
1031 1039 1211 1097 quidem
1243 1038 1291 1082 in
1315 1039 1438 1097 loco,
1475 1038 1514 1083 si
1540 1050 1563 1084 3

88 1101 253 1162 quibus
280 1116 394 1160 opus
421 1102 627 1160 exemplo
641 1137 652 1159 ,
686 1102 906 1159 adiecisti,
939 1104 990 1146 ut
1015 1105 1059 1147 te
1086 1103 1380 1147 imitarentur.
1431 1099 1514 1146 Ar·

89 1165 246 1223 duum,
279 1163 458 1223 Caesar,
498 1165 773 1223 exemplum,
813 1167 858 1209 et
891 1164 1011 1223 quod
1045 1165 1212 1210 imitari
1243 1180 1336 1209 non
1369 1165 1513 1223 magis

89 1228 328 1288 quisquam
360 1227 701 1273 candidatorum
729 1243 863 1286 quam
896 1229 1152 1286 principum
1185 1228 1338 1286 possit.
1405 1226 1513 1281 Quis

88 1292 208 1337 enim
241 1292 315 1336 vel
345 1306 437 1336 uno
470 1291 542 1336 die
573 1292 847 1336 reverentior
881 1294 1059 1336 senatus
1088 1290 1350 1336 candidatus
1378 1305 1514 1348 quam

87 1358 140 1400 tu
171 1369 274 1400 cum
308 1354 433 1399 omni
464 1354 559 1399 vita
590 1357 687 1399 tum
721 1354 800 1398 illo
834 1354 932 1412 ipso
965 1357 1188 1412 tempore,
1222 1369 1310 1412 quo
1343 1353 1514 1398 iudicas

89 1418 144 1463 de
177 1416 455 1464 candidatis?
499 1416 574 1462 An
609 1417 731 1462 aliud
770 1433 796 1462 a
834 1419 879 1462 te
918 1432 1051 1474 quam
1095 1419 1275 1462 senatus
1313 1432 1514 1461 reveren·
1540 1429 1564 1462 4

87 1481 154 1526 tia
194 1480 410 1538 obtinuit,
449 1482 501 1525 ut
538 1480 774 1525 iuvenibus
815 1480 1087 1525 clarissimae
1127 1480 1272 1540 gentis
1313 1479 1514 1524 debitum

89 1543 243 1604 generi
282 1544 521 1602 honorem,
565 1543 641 1588 sed
685 1546 787 1588 ante
831 1559 964 1601 quam
1009 1543 1262 1601 deberetur,
1304 1541 1514 1587 offerres?

88 1606 288 1652 Tandem
320 1621 428 1667 ergo
459 1606 673 1651 nobilitas
706 1622 798 1651 non
831 1606 1115 1663 obscuratur,
1148 1606 1224 1651 sed
1249 1605 1517 1650 inlustratur
1542 1615 1564 1650 5

89 1685 117 1715 a
165 1669 387 1728 principe,
450 1669 633 1714 tandem
697 1670 800 1714 illos
865 1669 1115 1729 ingentium
1179 1668 1378 1713 virorum
1441 1683 1513 1713 ne-

88 1735 238 1792 potes,
278 1732 383 1778 illos
422 1735 627 1791 posteros
668 1732 891 1777 libertatis
934 1747 1017 1776 nec
1054 1734 1192 1777 terret
1235 1730 1396 1777 Caesar
1431 1746 1516 1776 nec

88 1798 242 1856 pavet,
306 1796 416 1854 quin
473 1795 611 1840 immo
669 1795 891 1840 festinatis
955 1794 1204 1840 honoribus
1269 1794 1516 1852 amplificat

88 1861 224 1917 atque
257 1861 393 1918 auget
418 1861 464 1903 et
490 1859 733 1903 maioribus
767 1858 858 1902 suis
891 1858 1048 1902 reddit.
1102 1856 1150 1903 Si
1183 1858 1292 1916 quid
1324 1872 1515 1916 usquam

89 1921 242 1980 stirpis
282 1921 511 1979 antiquae,
550 1922 588 1966 si
629 1921 736 1979 quid
774 1920 977 1965 residuae
1020 1921 1259 1978 claritatis,
1298 1920 1385 1966 hoc
1424 1936 1514 1965 am-

88 1985 297 2043 plexatur
348 1987 393 2029 et
442 1984 615 2029 refovet
667 1987 711 2028 et
762 1984 810 2028 in
863 1999 995 2029 usum
1046 1984 1111 2029 rei
1162 1983 1369 2042 publicae
1413 1999 1515 2042 pro—

91 2047 186 2092 mit.
262 2046 378 2092 Sunt
434 2047 481 2091 in
538 2047 709 2091 honore
759 2046 995 2091 hominum
1047 2049 1092 2091 et
1143 2047 1190 2091 in
1242 2062 1318 2092 ore
1368 2046 1514 2091 famae
1542 2057 1564 2090 6

89 2125 255 2170 magna
294 2110 480 2155 nomina
522 2111 705 2155 excitata
748 2125 802 2154 ex
844 2109 1040 2154 tenebris
1084 2109 1324 2154 oblivionis
1370 2109 1514 2154 indul-

190 2300 236 2334 21
258 2295 475 2334 clarissime
495 2295 641 2343 genitis
661 2296 807 2341 Livin„
826 2296 970 2333 Baehr.
1060 2298 1106 2331 22
1135 2295 1175 2331 et
1188 2306 1262 2342 pro
1283 2294 1351 2332 sed
1371 2295 1514 2333 Baehr.

90 2350 136 2384 27
166 2345 394 2397 (maiores)
422 2344 638 2382 maioribus
666 2346 832 2391 Eussner
857 2346 1042 2383 Fleckeis.
1070 2357 1163 2382 ann.
1189 2348 1300 2391 1886,
1328 2348 1415 2391 114,
1450 2345 1515 2383 sed

89 2409 124 2435 v.
147 2397 290 2436 Suster.
316 2397 405 2434 Riv.
433 2396 476 2433 di
500 2396 591 2442 filol.
620 2397 758 2434 XVII
778 2399 863 2434 536.
1016 2399 1065 2432 30
1092 2406 1158 2433 ore
1184 2396 1330 2442 In'vin„
1356 2396 1514 2442 Baehr„

90 2447 241 2493 Μυκη,
262 2447 409 2484 honore
425 2446 543 2492 codd„
569 2447 635 2491 Κ.,
655 2446 696 2483 in
718 2458 783 2483 ore
803 2446 906 2483 hom.
922 2447 962 2483 et
975 2447 1016 2483 in
1030 2446 1178 2483 honore
1192 2445 1323 2483 famae
1337 2446 1513 2493 Eassner.

90 2501 135 2534 31
166 2496 400 2548 (excitata)
429 2508 475 2534 ex
501 2496 522 2534 .?
549 2497 601 2534 K.
