1630 2678
0 0 228 58 Fraus-ww*

491 139 846 177 EPISTULARUM
871 139 923 175 VI
952 143 1009 183 19,
1036 142 1094 175 20.
1404 141 1488 184 161

30 286 36 290 -
90 254 185 299 dies
207 256 376 299 hemor
399 255 541 297 terrae
566 253 712 296 minus
738 251 1070 308 formidolosus,
1105 251 1208 307 quia
1227 249 1492 307 Campaniae

32 821 69 849 10

35 1126 71 1155 u

91 314 270 373 solitus3
311 314 390 358 illa
430 328 534 358 vero
576 316 706 358 nocte
748 314 810 356 ita
851 313 1056 369 invaluit,
1099 315 1152 356 ut
1194 327 1286 356 non
1323 313 1492 355 moveri

92 376 262 433 omnia,
310 375 387 420 sed
438 375 551 419 verti
600 375 893 419 crederentur.
967 373 1190 443 Inrumpit
1239 373 1491 417 cubiculum
1519 386 1542 416 4

92 452 240 483 meum
271 439 429 481 mater·
462 437 695 495 surgebam
728 436 937 492 invicem,
970 436 1007 478 si
1041 435 1302 492 quiesceret,
1333 435 1493 479 excita-

94 501 232 544 turus.
294 497 556 542 Resedimus
588 499 635 541 in
666 513 767 541 area
798 497 974 553 domus,
1013 511 1125 553 quae
1157 511 1276 539 mare
1308 511 1335 539 a
1365 497 1493 540 tectis

91 559 267 605 modico
299 560 444 617 spatio
484 559 717 602 dividebat.
782 558 970 614 Dubito,
1008 557 1303 602 constantiam
1336 571 1494 601 vocare
1521 570 1543 602 5

91 636 150 666 an
185 620 530 679 imprudentiam
572 620 755 664 debeam
800 619 1004 678 (agebam
1046 619 1162 662 enim
1205 619 1495 663 duodevicen-

91 682 254 728 simum
296 680 499 741 annum):
546 696 682 739 posco
715 681 879 724 librum
912 680 1003 724 Titi
1034 680 1133 724 Livi
1165 683 1209 724 et
1251 680 1377 736 quasi
1417 695 1496 738 per

93 744 235 789 otium
265 744 366 802 lego
399 746 533 800 atque
564 743 717 812 etiam,
748 745 798 786 ut
831 757 1083 799 coeperam,
1115 756 1314 798 excerpo.
1379 741 1495 786 Ecce

93 805 262 850 amicus
293 804 519 861 avunculi,
562 804 639 861 qui
677 819 819 860 nuper
857 803 911 846 ad
950 818 1051 846 eum
1090 818 1144 846 ex
1176 802 1394 859 Hispania
1425 818 1496 846 ve-

92 869 237 923 neret,
268 869 320 910 ut
338 881 410 910 me
435 869 480 910 et
499 868 685 909 matrem
711 865 932 919 sedentes,
963 880 1033 908 me
1059 879 1162 907 vero
1190 864 1324 907 etiam
1348 865 1496 922 legen·

93 931 185 972 tem
204 927 343 984 videt,
375 927 497 971 illius
516 926 794 984 patientiam,
827 926 1107 970 securitatem
1135 940 1279 968 meam
1299 926 1496 982 corripit.

93 988 248 1033 Nihilo
280 989 460 1047 segnius
492 1003 575 1046 ego
608 987 804 1032 intentus
830 988 877 1031 in
901 987 1078 1031 librum.
1141 985 1234 1030 Iam
1267 988 1378 1030 hora
1410 988 1497 1031 diei
1524 998 1545 1031 6

94 1050 256 1108 prima,
287 1052 334 1094 et
364 1049 509 1093 adhuc
540 1049 699 1092 dubius
732 1052 777 1092 et
809 1049 935 1106 quasi
960 1048 1197 1107 languidus
1231 1049 1335 1092 dies.
1399 1047 1495 1092 Iam

97 1111 316 1169 quassatis
342 1111 755 1156 circumiacentibus
781 1111 928 1166 tectis,
963 1124 1231 1166 quamquam
1265 1110 1311 1152 in
1343 1113 1495 1167 aperto

93 1173 214 1230 loco,
244 1175 436 1231 angusto
468 1175 636 1228 tamen,
675 1186 862 1230 magnus
901 1175 946 1215 et
977 1174 1122 1215 certus
1155 1171 1308 1214 ruinae
1341 1174 1496 1215 metus.

94 1233 209 1278 'l'um
241 1233 418 1278 demum
451 1233 659 1278 excedere
698 1233 862 1290 oppido
896 1233 1059 1276 visum:
1105 1233 1305 1288 sequitur
1336 1233 1495 1290 vulgus
1526 1244 1544 1276 7

94 1294 357 1350 attonitum,
390 1295 596 1352 quodque
628 1296 675 1338 in
707 1309 871 1351 pavore
904 1294 1048 1337 simile
1080 1294 1359 1362 prudentiae,
1395 1294 1498 1337 alie-

93 1371 201 1400 num
234 1329 469 1400 consilium
502 1371 582 1400 suo
614 1356 808 1413 praefert
839 1356 1097 1413 ingentique
1130 1355 1306 1413 agmine
1338 1355 1499 1399 abeun-

93 1421 162 1462 tes
180 1417 344 1475 premit
362 1420 407 1461 et
426 1418 628 1474 impellit.
679 1417 860 1476 Egressi
879 1419 997 1460 tecta
1017 1416 1311 1460 consistimus
1357 1415 1499 1460 Multa
1526 1428 1547 1460 8

96 1478 159 1523 ibi
197 1477 416 1531 miranda,
460 1479 623 1522 multas
662 1478 920 1522 formidines
960 1478 1165 1534 patimur.
1230 1476 1347 1521 Nam
1381 1474 1499 1521 ve'hi-

96 1539 215 1597 cula,
239 1555 352 1597 quae
365 1540 581 1597 produci
570 1554 855 1595 iusseramus,
884 1553 1150 1594 quamquam
1171 1539 1218 1581 in
1237 1539 1497 1595 planissimo

96 1615 272 1659 campo,
304 1601 351 1645 in
383 1602 625 1645 contrarias
658 1604 804 1657 partes
832 1600 1076 1658 agebantur
1107 1613 1158 1643 ac
1189 1614 1245 1643 ne
1276 1600 1498 1656 lapidibus

97 1661 276 1732 quidem
302 1662 453 1707 fulta
442 1677 488 1706 ιιι
514 1663 667 1707 eodem
694 1661 882 1719 vestigio
910 1660 1203 1717 quiescebant.
1270 1660 1535 1706 Praeterea
1527 1674 1547 1705 9

99 1738 219 1769 mare
255 1724 302 1767 in
343 1738 391 1767 se
431 1724 647 1767 resorberi
685 1726 729 1766 et
769 1726 961 1766 tremore
999 1725 1141 1766 terrae
1180 1723 1306 1778 quasi
1344 1723 1499 1780 repelli

97 1784 367 1829 videbamus.
432 1783 558 1828 Certe
591 1786 863 1841 processerat
893 1783 1001 1827 litus
1034 1784 1260 1840 multaque
1292 1784 1499 1828 animalia

98 1845 232 1889 maris
265 1846 393 1889 siccis
419 1845 596 1889 harenis
622 1844 856 1888 detinebat.
922 1843 992 1888 Ab
1026 1845 1164 1889 altero
1197 1845 1333 1888 latere
1360 1845 1499 1889 nubes

98 1909 194 1950 atra
225 1908 271 1950 et
294 1906 514 1950 horrenda
539 1906 657 1964 ignei
684 1905 865 1963 spiritus
888 1905 1018 1950 tortis
1044 1906 1315 1963 vibratisque
1335 1906 1499 1950 discur-

99 1967 222 2011 sibus
260 1970 391 2024 rupta
429 1967 474 2010 in
516 1968 672 2025 longas
714 1966 990 2011 flammarum
1029 1967 1195 2026 figuras
1228 1967 1500 2011 dehiscebat:

99 2028 354 2087 fulguribus
380 2028 483 2071 illae
509 2031 554 2071 et
579 2028 744 2071 similes
770 2031 814 2071 et
841 2028 1028 2072 maiores
1055 2032 1190 2072 erant.
1255 2028 1368 2071 Tum
1396 2043 1500 2072 vero
1531 2040 1575 2072 10

99 2089 214 2134 idem
247 2089 323 2133 ille
355 2104 408 2133 ex
441 2088 659 2146 Hispania
698 2089 864 2133 amicus
897 2090 1040 2133 acrius
1080 2093 1125 2133 et
1162 2090 1399 2133 instantius
1433 2087 1500 2133 ‘Si

99 2150 256 2195 frater'
283 2151 429 2207 inquit
456 2150 598 2205 ‘tuus‚
630 2153 732 2193 tuus
752 2151 996 2195 avunculus
1018 2151 1148 2206 vivit,
1180 2151 1275 2193 vult
1301 2165 1395 2194 esse
1422 2165 1501 2194 vos

100 2212 265 2268 salvos3
303 2212 340 2255 si
374 2212 524 2268 periit,
567 2211 823 2267 superstites
858 2212 1016 2255 voluit:
1057 2211 1240 2268 proinde
1275 2211 1381 2267 quid
1414 2226 1502 2255 ces·

199 2323 221 2356 2
247 2318 383 2356 solitus
412 2341 457 2346 —
486 2323 507 2355 3
528 2319 775 2355 crederentur
799 2320 1011 2367 υιι.19,ιιοιι
1039 2318 1162 2355 solum
1190 2318 1352 2356 castella
1373 2330 1502 2355 verum

101 2368 221 2404 etiam
246 2368 393 2415 oppida
420 2380 495 2404 non
522 2368 665 2404 moveri
698 2368 829 2404 omnia
860 2348 927 2404 se'd
960 2368 1056 2404 verti
1084 2367 1342 2405 credebantur
1369 2369 1428 2413 M,
1454 2369 1502 2413 cf.

101 2418 151 2453 Ν.
180 2417 383 2455 Heia-sium
409 2418 459 2453 ad
489 2417 594 2454 Ovid.
624 2421 704 2453 met.
729 2417 808 2453 VII
832 2420 914 2454 492.
1042 2420 1062 2452 3
1092 2417 1160 2453 inr.
1190 2416 1275 2453 cub.
1305 2417 1415 2464 vulq„
1445 2418 1503 2453 in-

101 2465 202 2502 vasit
224 2465 266 2502 in
291 2465 377 2502 cub.
406 2467 463 2503 M.

176 2539 221 2566 1²1.
222 2541 317 2566 mus
338 2540 430 2567 ιιι-ο
497 2540 623 2566 1»ch
602 2543 663 2566 ι
666 2543 695 2565 ,
700 2558 707 2565 .
1241 2544 1280 2575 11
