<?xml version="1.0" encoding="UTF-8"?>
<!DOCTYPE html PUBLIC "-//W3C//DTD XHTML 1.0 Transitional//EN"
    "http://www.w3.org/TR/xhtml1/DTD/xhtml1-transitional.dtd">
<html xmlns="http://www.w3.org/1999/xhtml" xml:lang="en" lang="en">
 <head>
  <title>
</title>
<meta http-equiv="Content-Type" content="text/html;charset=utf-8" />
  <meta name='ocr-system' content='tesseract 3.04.00' />
  <meta name='ocr-capabilities' content='ocr_page ocr_carea ocr_par ocr_line ocrx_word'/>
</head>
<body>
  <div class='ocr_page' id='page_1' title='image "./epistularumlibr00plin_0232.png"; bbox 0 0 1716 2742; ppageno 0'>
   <div class='ocr_carea' id='block_1_1' title="bbox 158 131 976 181">
    <p class='ocr_par' dir='ltr' id='par_1_1' title="bbox 158 131 976 181">
     <span class='ocr_line' id='line_1_1' title="bbox 158 131 976 181; baseline -0.001 -12"><span class='ocrx_word' id='word_1_1' title='bbox 158 135 248 181; x_wconf 80' lang='lat'>216</span> <span class='ocrx_word' id='word_1_2' title='bbox 777 131 815 169; x_wconf 83' lang='grc'>0.</span> <span class='ocrx_word' id='word_1_3' title='bbox 838 131 976 168; x_wconf 82' lang='lat' dir='ltr'>PLINI</span> 
     </span>
    </p>
   </div>
   <div class='ocr_carea' id='block_1_2' title="bbox 158 246 1590 543">
    <p class='ocr_par' dir='ltr' id='par_1_2' title="bbox 158 246 1590 543">
     <span class='ocr_line' id='line_1_2' title="bbox 161 246 1589 305; baseline -0.001 -11"><span class='ocrx_word' id='word_1_4' title='bbox 161 248 327 294; x_wconf 75' lang='lat' dir='ltr'>Scribit</span> <span class='ocrx_word' id='word_1_5' title='bbox 366 248 510 292; x_wconf 86' lang='lat' dir='ltr'>exitus</span> <span class='ocrx_word' id='word_1_6' title='bbox 551 246 810 291; x_wconf 74' lang='lat' dir='ltr'><strong>inlustrium</strong></span> <span class='ocrx_word' id='word_1_7' title='bbox 849 247 1069 305; x_wconf 85' lang='lat' dir='ltr'>virorum,</span> <span class='ocrx_word' id='word_1_8' title='bbox 1111 248 1159 290; x_wconf 91' lang='lat' dir='ltr'>in</span> <span class='ocrx_word' id='word_1_9' title='bbox 1196 246 1267 292; x_wconf 86' lang='lat' dir='ltr'>his</span> <span class='ocrx_word' id='word_1_10' title='bbox 1308 247 1589 304; x_wconf 89' lang='lat' dir='ltr'>quorundam</span> 
     </span>
     <span class='ocr_line' id='line_1_3' title="bbox 159 309 1588 368; baseline -0.001 -13"><span class='ocrx_word' id='word_1_11' title='bbox 159 311 272 355; x_wconf 86' lang='lat' dir='ltr'>mihi</span> <span class='ocrx_word' id='word_1_12' title='bbox 317 310 663 355; x_wconf 83' lang='lat' dir='ltr'><strong>carissimorum.</strong></span> <span class='ocrx_word' id='word_1_13' title='bbox 728 309 899 353; x_wconf 87' lang='lat' dir='ltr'>Videor</span> <span class='ocrx_word' id='word_1_14' title='bbox 943 324 1050 368; x_wconf 87' lang='lat' dir='ltr'>ergo</span> <span class='ocrx_word' id='word_1_15' title='bbox 1097 310 1227 368; x_wconf 85' lang='lat' dir='ltr'>fungi</span> <span class='ocrx_word' id='word_1_16' title='bbox 1272 310 1349 367; x_wconf 90' lang='lat' dir='ltr'>pio</span> <span class='ocrx_word' id='word_1_17' title='bbox 1392 326 1588 368; x_wconf 88' lang='lat' dir='ltr'>munere,</span> 
     </span>
     <span class='ocr_line' id='line_1_4' title="bbox 161 372 1590 431; baseline -0.001 -13"><span class='ocrx_word' id='word_1_18' title='bbox 161 388 439 431; x_wconf 87' lang='lat' dir='ltr'>quorumque</span> <span class='ocrx_word' id='word_1_19' title='bbox 467 372 676 429; x_wconf 79' lang='lat' dir='ltr'>exequias</span> <span class='ocrx_word' id='word_1_20' title='bbox 710 372 932 416; x_wconf 88' lang='lat' dir='ltr'>celebrare</span> <span class='ocrx_word' id='word_1_21' title='bbox 965 387 1058 416; x_wconf 93' lang='lat' dir='ltr'>non</span> <span class='ocrx_word' id='word_1_22' title='bbox 1089 373 1237 430; x_wconf 85' lang='lat' dir='ltr'>licuit,</span> <span class='ocrx_word' id='word_1_23' title='bbox 1270 373 1432 417; x_wconf 89' lang='lat' dir='ltr'>horum</span> <span class='ocrx_word' id='word_1_24' title='bbox 1462 373 1590 430; x_wconf 81' lang='lat' dir='ltr'>quasi</span> 
     </span>
     <span class='ocr_line' id='line_1_5' title="bbox 158 433 1589 495; baseline 0 -15"><span class='ocrx_word' id='word_1_25' title='bbox 158 436 420 480; x_wconf 79' lang='lat' dir='ltr'>funebribus</span> <span class='ocrx_word' id='word_1_26' title='bbox 446 433 782 478; x_wconf 71' lang='lat' dir='ltr'>laudationibus</span> <span class='ocrx_word' id='word_1_27' title='bbox 811 435 919 479; x_wconf 89' lang='lat' dir='ltr'>seris</span> <span class='ocrx_word' id='word_1_28' title='bbox 954 435 1148 492; x_wconf 89' lang='lat' dir='ltr'>quidem,</span> <span class='ocrx_word' id='word_1_29' title='bbox 1183 435 1259 479; x_wconf 91' lang='lat' dir='ltr'>sed</span> <span class='ocrx_word' id='word_1_30' title='bbox 1285 437 1412 480; x_wconf 88' lang='lat' dir='ltr'>tanto</span> <span class='ocrx_word' id='word_1_31' title='bbox 1445 436 1589 495; x_wconf 87' lang='lat' dir='ltr'>magis</span> 
     </span>
     <span class='ocr_line' id='line_1_6' title="bbox 159 495 709 543; baseline -0.007 0"><span class='ocrx_word' id='word_1_32' title='bbox 159 499 274 543; x_wconf 87' lang='lat' dir='ltr'>veris</span> <span class='ocrx_word' id='word_1_33' title='bbox 308 499 531 541; x_wconf 88' lang='lat' dir='ltr'>interesse.</span> <span class='ocrx_word' id='word_1_34' title='bbox 586 495 709 541; x_wconf 85' lang='lat' dir='ltr'>Vale.</span> 
     </span>
    </p>
   </div>
   <div class='ocr_carea' id='block_1_3' title="bbox 524 575 1233 699">
    <p class='ocr_par' dir='ltr' id='par_1_3' title="bbox 524 575 1233 699">
     <span class='ocr_line' id='line_1_7' title="bbox 815 575 930 616; baseline 0.009 -1"><span class='ocrx_word' id='word_1_35' title='bbox 815 575 930 616; x_wconf 82' lang='lat' dir='ltr'>XIII.</span> 
     </span>
     <span class='ocr_line' id='line_1_8' title="bbox 524 664 1233 699; baseline 0.001 -1"><span class='ocrx_word' id='word_1_36' title='bbox 524 664 566 699; x_wconf 88' lang='lat' dir='ltr'>C.</span> <span class='ocrx_word' id='word_1_37' title='bbox 593 665 800 699; x_wconf 83' lang='lat' dir='ltr'>PLINIUS</span> <span class='ocrx_word' id='word_1_38' title='bbox 829 664 1047 699; x_wconf 84' lang='lat' dir='ltr'>GENIALI-</span> <span class='ocrx_word' id='word_1_39' title='bbox 1071 665 1167 699; x_wconf 81' lang='lat' dir='ltr'>SUO</span> <span class='ocrx_word' id='word_1_40' title='bbox 1197 665 1233 699; x_wconf 84' lang='lat' dir='ltr'>S.</span> 
     </span>
    </p>
   </div>
   <div class='ocr_carea' id='block_1_4' title="bbox 158 747 1594 1245">
    <p class='ocr_par' dir='ltr' id='par_1_4' title="bbox 158 747 1594 1245">
     <span class='ocr_line' id='line_1_9' title="bbox 253 747 1593 807; baseline -0.001 -15"><span class='ocrx_word' id='word_1_41' title='bbox 253 748 420 806; x_wconf 88' lang='lat' dir='ltr'>Probo,</span> <span class='ocrx_word' id='word_1_42' title='bbox 455 748 577 806; x_wconf 92' lang='lat' dir='ltr'>quod</span> <span class='ocrx_word' id='word_1_43' title='bbox 608 748 786 792; x_wconf 89' lang='lat' dir='ltr'>libellos</span> <span class='ocrx_word' id='word_1_44' title='bbox 821 763 945 792; x_wconf 88' lang='lat' dir='ltr'>meos</span> <span class='ocrx_word' id='word_1_45' title='bbox 980 763 1082 792; x_wconf 90' lang='lat' dir='ltr'>cum</span> <span class='ocrx_word' id='word_1_46' title='bbox 1115 750 1242 805; x_wconf 88' lang='lat' dir='ltr'>patre</span> <span class='ocrx_word' id='word_1_47' title='bbox 1274 748 1437 807; x_wconf 86' lang='lat' dir='ltr'>legisti.</span> <span class='ocrx_word' id='word_1_48' title='bbox 1490 747 1593 792; x_wconf 90' lang='lat' dir='ltr'>Per-</span> 
     </span>
     <span class='ocr_line' id='line_1_10' title="bbox 158 810 1593 868; baseline -0.001 -12"><span class='ocrx_word' id='word_1_49' title='bbox 158 812 272 856; x_wconf 85' lang='lat' dir='ltr'>tinet</span> <span class='ocrx_word' id='word_1_50' title='bbox 315 811 370 855; x_wconf 92' lang='lat' dir='ltr'>ad</span> <span class='ocrx_word' id='word_1_51' title='bbox 411 810 665 868; x_wconf 87' lang='lat' dir='ltr'>profectum</span> <span class='ocrx_word' id='word_1_52' title='bbox 707 813 838 854; x_wconf 89' lang='lat' dir='ltr'>tuum</span> <span class='ocrx_word' id='word_1_53' title='bbox 878 826 904 854; x_wconf 91' lang='lat' dir='ltr'>a</span> <span class='ocrx_word' id='word_1_54' title='bbox 937 810 1232 855; x_wconf 88' lang='lat' dir='ltr'>disertissimo</span> <span class='ocrx_word' id='word_1_55' title='bbox 1271 810 1370 855; x_wconf 82' lang='lat' dir='ltr'>viro</span> <span class='ocrx_word' id='word_1_56' title='bbox 1410 811 1593 868; x_wconf 78' lang='lat' dir='ltr'>discere,</span> 
     </span>
     <span class='ocr_line' id='line_1_11' title="bbox 161 872 1592 932; baseline -0.001 -14"><span class='ocrx_word' id='word_1_57' title='bbox 161 874 267 932; x_wconf 91' lang='lat' dir='ltr'>quid</span> <span class='ocrx_word' id='word_1_58' title='bbox 305 873 602 931; x_wconf 89' lang='lat' dir='ltr'>laudandum,</span> <span class='ocrx_word' id='word_1_59' title='bbox 642 873 749 931; x_wconf 92' lang='lat' dir='ltr'>quid</span> <span class='ocrx_word' id='word_1_60' title='bbox 787 872 1223 931; x_wconf 87' lang='lat' dir='ltr'>reprehendendum,</span> <span class='ocrx_word' id='word_1_61' title='bbox 1257 873 1394 918; x_wconf 90' lang='lat' dir='ltr'>simul</span> <span class='ocrx_word' id='word_1_62' title='bbox 1431 873 1496 918; x_wconf 91' lang='lat' dir='ltr'>ita</span> <span class='ocrx_word' id='word_1_63' title='bbox 1527 873 1592 917; x_wconf 89' lang='lat' dir='ltr'>in-</span> 
     </span>
     <span class='ocr_line' id='line_1_12' title="bbox 160 935 1594 994; baseline -0.002 -12"><span class='ocrx_word' id='word_1_64' title='bbox 160 936 305 993; x_wconf 84' lang='lat' dir='ltr'>stitui,</span> <span class='ocrx_word' id='word_1_65' title='bbox 337 939 388 980; x_wconf 89' lang='lat' dir='ltr'>ut</span> <span class='ocrx_word' id='word_1_66' title='bbox 420 951 576 980; x_wconf 85' lang='lat' dir='ltr'>verum</span> <span class='ocrx_word' id='word_1_67' title='bbox 610 936 756 981; x_wconf 81' lang='lat' dir='ltr'>dicere</span> <span class='ocrx_word' id='word_1_68' title='bbox 789 936 1037 980; x_wconf 79' lang='lat' dir='ltr'>adsuescaS.</span> <span class='ocrx_word' id='word_1_69' title='bbox 1102 935 1261 993; x_wconf 89' lang='lat' dir='ltr'>Vides,</span> <span class='ocrx_word' id='word_1_70' title='bbox 1294 951 1428 994; x_wconf 89' lang='lat' dir='ltr'>quem</span> <span class='ocrx_word' id='word_1_71' title='bbox 1455 935 1594 994; x_wconf 86' lang='lat' dir='ltr'>sequi,</span> 
     </span>
     <span class='ocr_line' id='line_1_13' title="bbox 161 997 1594 1058; baseline -0.001 -14"><span class='ocrx_word' id='word_1_72' title='bbox 161 1000 286 1045; x_wconf 88' lang='lat' dir='ltr'>cuius</span> <span class='ocrx_word' id='word_1_73' title='bbox 321 999 480 1043; x_wconf 83' lang='lat' dir='ltr'>debeas</span> <span class='ocrx_word' id='word_1_74' title='bbox 513 999 700 1056; x_wconf 88' lang='lat' dir='ltr'>implere</span> <span class='ocrx_word' id='word_1_75' title='bbox 733 998 935 1058; x_wconf 86' lang='lat' dir='ltr'>vestigia.</span> <span class='ocrx_word' id='word_1_76' title='bbox 1003 997 1039 1042; x_wconf 95' lang='grc' dir='ltr'>Ο</span> <span class='ocrx_word' id='word_1_77' title='bbox 1073 1001 1118 1042; x_wconf 92' lang='lat' dir='ltr'>te</span> <span class='ocrx_word' id='word_1_78' title='bbox 1151 998 1351 1057; x_wconf 90' lang='lat' dir='ltr'>beatum,</span> <span class='ocrx_word' id='word_1_79' title='bbox 1385 998 1458 1043; x_wconf 87' lang='lat' dir='ltr'>cui</span> <span class='ocrx_word' id='word_1_80' title='bbox 1491 1013 1594 1044; x_wconf 90' lang='lat' dir='ltr'>con-</span> 
     </span>
     <span class='ocr_line' id='line_1_14' title="bbox 159 1061 1594 1122; baseline -0.001 -16"><span class='ocrx_word' id='word_1_81' title='bbox 159 1062 265 1122; x_wconf 85' lang='lat' dir='ltr'>tigit</span> <span class='ocrx_word' id='word_1_82' title='bbox 303 1062 457 1106; x_wconf 84' lang='lat' dir='ltr'>vivum</span> <span class='ocrx_word' id='word_1_83' title='bbox 498 1064 633 1119; x_wconf 89' lang='lat' dir='ltr'>atque</span> <span class='ocrx_word' id='word_1_84' title='bbox 672 1061 791 1106; x_wconf 91' lang='lat' dir='ltr'>idem</span> <span class='ocrx_word' id='word_1_85' title='bbox 831 1061 1053 1119; x_wconf 88' lang='lat' dir='ltr'>optimum</span> <span class='ocrx_word' id='word_1_86' title='bbox 1097 1063 1142 1105; x_wconf 87' lang='lat' dir='ltr'>et</span> <span class='ocrx_word' id='word_1_87' title='bbox 1174 1061 1594 1106; x_wconf 87' lang='lat' dir='ltr'>coniunctissimum</span> 
     </span>
     <span class='ocr_line' id='line_1_15' title="bbox 161 1123 1593 1183; baseline -0.001 -14"><span class='ocrx_word' id='word_1_88' title='bbox 161 1126 408 1183; x_wconf 85' lang='lat' dir='ltr'>exemplar,</span> <span class='ocrx_word' id='word_1_89' title='bbox 460 1125 538 1181; x_wconf 90' lang='lat' dir='ltr'>qui</span> <span class='ocrx_word' id='word_1_90' title='bbox 584 1124 776 1182; x_wconf 89' lang='lat' dir='ltr'>denique</span> <span class='ocrx_word' id='word_1_91' title='bbox 829 1139 932 1168; x_wconf 92' lang='lat' dir='ltr'>eum</span> <span class='ocrx_word' id='word_1_92' title='bbox 984 1123 1272 1181; x_wconf 88' lang='lat' dir='ltr'>potissimum</span> <span class='ocrx_word' id='word_1_93' title='bbox 1324 1123 1593 1168; x_wconf 90' lang='lat' dir='ltr'>imitandum</span> 
     </span>
     <span class='ocr_line' id='line_1_16' title="bbox 159 1186 1523 1245; baseline -0.001 -13"><span class='ocrx_word' id='word_1_94' title='bbox 159 1188 318 1245; x_wconf 87' lang='lat' dir='ltr'>habes,</span> <span class='ocrx_word' id='word_1_95' title='bbox 351 1188 424 1232; x_wconf 89' lang='lat' dir='ltr'>cui</span> <span class='ocrx_word' id='word_1_96' title='bbox 456 1189 618 1231; x_wconf 89' lang='lat' dir='ltr'>natura</span> <span class='ocrx_word' id='word_1_97' title='bbox 651 1201 746 1231; x_wconf 87' lang='lat' dir='ltr'>esse</span> <span class='ocrx_word' id='word_1_98' title='bbox 778 1189 823 1230; x_wconf 92' lang='lat' dir='ltr'>te</span> <span class='ocrx_word' id='word_1_99' title='bbox 857 1186 1138 1231; x_wconf 87' lang='lat' dir='ltr'>simillimum</span> <span class='ocrx_word' id='word_1_100' title='bbox 1170 1186 1334 1230; x_wconf 80' lang='lat' dir='ltr'>voluit!</span> <span class='ocrx_word' id='word_1_101' title='bbox 1399 1186 1523 1232; x_wconf 82' lang='lat' dir='ltr'>Vale.</span> 
     </span>
    </p>
   </div>
   <div class='ocr_carea' id='block_1_5' title="bbox 513 1281 1558 1427">
    <p class='ocr_par' dir='ltr' id='par_1_5' title="bbox 513 1281 1558 1427">
     <span class='ocr_line' id='line_1_17' title="bbox 822 1281 1558 1379; baseline 0.004 -37"><span class='ocrx_word' id='word_1_102' title='bbox 822 1302 934 1343; x_wconf 87' lang='lat' dir='ltr'>XIV.</span> <span class='ocrx_word' id='word_1_103' title='bbox 978 1281 1122 1348; x_wconf 54' lang='lat' dir='ltr'>Quam„</span> <span class='ocrx_word' id='word_1_104' title='bbox 1137 1305 1370 1379; x_wconf 52' lang='lat' dir='ltr'>jpw„</span> <span class='ocrx_word' id='word_1_105' title='bbox 1394 1309 1435 1353; x_wconf 48' lang='grc' dir='ltr'>,μ</span> <span class='ocrx_word' id='word_1_106' title='bbox 1459 1327 1558 1351; x_wconf 65' lang='grc' dir='ltr'>μ...</span> 
     </span>
     <span class='ocr_line' id='line_1_18' title="bbox 513 1391 1248 1427; baseline 0 -1"><span class='ocrx_word' id='word_1_107' title='bbox 513 1392 556 1426; x_wconf 82' lang='lat' dir='ltr'>C.</span> <span class='ocrx_word' id='word_1_108' title='bbox 578 1392 785 1426; x_wconf 85' lang='lat' dir='ltr'>PLINIUS</span> <span class='ocrx_word' id='word_1_109' title='bbox 814 1391 1055 1426; x_wconf 81' lang='lat' dir='ltr'><strong>ARISTONI</strong></span> <span class='ocrx_word' id='word_1_110' title='bbox 1084 1392 1180 1427; x_wconf 78' lang='lat' dir='ltr'>SUO</span> <span class='ocrx_word' id='word_1_111' title='bbox 1211 1392 1248 1426; x_wconf 85' lang='lat' dir='ltr'>S.</span> 
     </span>
    </p>
   </div>
   <div class='ocr_carea' id='block_1_6' title="bbox 163 1474 1599 2347">
    <p class='ocr_par' dir='ltr' id='par_1_6' title="bbox 163 1474 1599 2347">
     <span class='ocr_line' id='line_1_19' title="bbox 258 1474 1594 1533; baseline -0.001 -13"><span class='ocrx_word' id='word_1_112' title='bbox 258 1474 372 1520; x_wconf 87' lang='lat' dir='ltr'>Cum</span> <span class='ocrx_word' id='word_1_113' title='bbox 419 1476 478 1520; x_wconf 87' lang='lat' dir='ltr'>sis</span> <span class='ocrx_word' id='word_1_114' title='bbox 525 1475 826 1533; x_wconf 88' lang='lat' dir='ltr'>peritissimus</span> <span class='ocrx_word' id='word_1_115' title='bbox 872 1477 917 1519; x_wconf 89' lang='lat' dir='ltr'>et</span> <span class='ocrx_word' id='word_1_116' title='bbox 962 1474 1128 1532; x_wconf 85' lang='lat' dir='ltr'>privati</span> <span class='ocrx_word' id='word_1_117' title='bbox 1170 1474 1279 1520; x_wconf 91' lang='lat' dir='ltr'>iuris</span> <span class='ocrx_word' id='word_1_118' title='bbox 1324 1477 1369 1519; x_wconf 91' lang='lat' dir='ltr'>et</span> <span class='ocrx_word' id='word_1_119' title='bbox 1410 1474 1594 1533; x_wconf 78' lang='lat' dir='ltr'>publici,</span> 
     </span>
     <span class='ocr_line' id='line_1_20' title="bbox 163 1537 1595 1597; baseline -0.001 -14"><span class='ocrx_word' id='word_1_120' title='bbox 163 1540 289 1584; x_wconf 90' lang='lat' dir='ltr'>cuius</span> <span class='ocrx_word' id='word_1_121' title='bbox 337 1554 440 1597; x_wconf 89' lang='lat' dir='ltr'>pars</span> <span class='ocrx_word' id='word_1_122' title='bbox 488 1538 762 1583; x_wconf 89' lang='lat' dir='ltr'>senatorium</span> <span class='ocrx_word' id='word_1_123' title='bbox 809 1539 895 1594; x_wconf 88' lang='lat' dir='ltr'>est,</span> <span class='ocrx_word' id='word_1_124' title='bbox 941 1537 1074 1594; x_wconf 88' lang='lat' dir='ltr'>cupio</span> <span class='ocrx_word' id='word_1_125' title='bbox 1119 1553 1174 1581; x_wconf 79' lang='lat' dir='ltr'>ex</span> <span class='ocrx_word' id='word_1_126' title='bbox 1218 1539 1262 1582; x_wconf 89' lang='lat' dir='ltr'>te</span> <span class='ocrx_word' id='word_1_127' title='bbox 1307 1537 1595 1596; x_wconf 88' lang='lat' dir='ltr'>potissimum</span> 
     </span>
     <span class='ocr_line' id='line_1_21' title="bbox 163 1600 1596 1659; baseline -0.001 -14"><span class='ocrx_word' id='word_1_128' title='bbox 163 1602 333 1659; x_wconf 88' lang='lat' dir='ltr'>audire,</span> <span class='ocrx_word' id='word_1_129' title='bbox 367 1601 607 1645; x_wconf 84' lang='lat' dir='ltr'>erraverim</span> <span class='ocrx_word' id='word_1_130' title='bbox 640 1601 688 1644; x_wconf 89' lang='lat' dir='ltr'>in</span> <span class='ocrx_word' id='word_1_131' title='bbox 722 1602 879 1645; x_wconf 87' lang='lat' dir='ltr'>senatu</span> <span class='ocrx_word' id='word_1_132' title='bbox 911 1600 1116 1658; x_wconf 85' lang='lat' dir='ltr'>proxime</span> <span class='ocrx_word' id='word_1_133' title='bbox 1148 1615 1306 1658; x_wconf 89' lang='lat' dir='ltr'>necne,</span> <span class='ocrx_word' id='word_1_134' title='bbox 1338 1615 1431 1644; x_wconf 91' lang='lat' dir='ltr'>non</span> <span class='ocrx_word' id='word_1_135' title='bbox 1463 1602 1516 1644; x_wconf 92' lang='lat' dir='ltr'>ut</span> <span class='ocrx_word' id='word_1_136' title='bbox 1548 1601 1596 1644; x_wconf 90' lang='lat' dir='ltr'>in</span> 
     </span>
     <span class='ocr_line' id='line_1_22' title="bbox 163 1660 1596 1722; baseline -0.001 -14"><span class='ocrx_word' id='word_1_137' title='bbox 163 1664 453 1722; x_wconf 82' lang='lat' dir='ltr'>praeteritum</span> <span class='ocrx_word' id='word_1_138' title='bbox 498 1662 668 1722; x_wconf 89' lang='lat' dir='ltr'>(serum</span> <span class='ocrx_word' id='word_1_139' title='bbox 711 1660 873 1720; x_wconf 88' lang='lat' dir='ltr'>enim),</span> <span class='ocrx_word' id='word_1_140' title='bbox 914 1678 1070 1707; x_wconf 86' lang='lat' dir='ltr'>verum</span> <span class='ocrx_word' id='word_1_141' title='bbox 1112 1665 1164 1706; x_wconf 93' lang='lat' dir='ltr'>ut</span> <span class='ocrx_word' id='word_1_142' title='bbox 1205 1663 1254 1706; x_wconf 90' lang='lat' dir='ltr'>in</span> <span class='ocrx_word' id='word_1_143' title='bbox 1295 1662 1517 1721; x_wconf 84' lang='lat' dir='ltr'>futurum,</span> <span class='ocrx_word' id='word_1_144' title='bbox 1558 1663 1596 1708; x_wconf 90' lang='lat' dir='ltr'>si</span> 
     </span>
     <span class='ocr_line' id='line_1_23' title="bbox 164 1723 1596 1784; baseline 0 -14"><span class='ocrx_word' id='word_1_145' title='bbox 164 1726 272 1784; x_wconf 92' lang='lat' dir='ltr'>quid</span> <span class='ocrx_word' id='word_1_146' title='bbox 325 1727 469 1771; x_wconf 92' lang='lat' dir='ltr'>simile</span> <span class='ocrx_word' id='word_1_147' title='bbox 503 1726 740 1783; x_wconf 81' lang='lat' dir='ltr'>inciderit,</span> <span class='ocrx_word' id='word_1_148' title='bbox 787 1725 973 1770; x_wconf 87' lang='lat' dir='ltr'>erudiar.</span> <span class='ocrx_word' id='word_1_149' title='bbox 1052 1724 1205 1770; x_wconf 83' lang='lat' dir='ltr'>Dices:</span> <span class='ocrx_word' id='word_1_150' title='bbox 1253 1723 1362 1770; x_wconf 73' lang='lat' dir='ltr'>‘Cur</span> <span class='ocrx_word' id='word_1_151' title='bbox 1407 1725 1596 1783; x_wconf 85' lang='lat' dir='ltr'>quaeris,</span> 
     </span>
     <span class='ocr_line' id='line_1_24' title="bbox 164 1787 1598 1846; baseline -0.001 -13"><span class='ocrx_word' id='word_1_152' title='bbox 164 1789 285 1846; x_wconf 91' lang='lat' dir='ltr'>quod</span> <span class='ocrx_word' id='word_1_153' title='bbox 316 1804 448 1833; x_wconf 90' lang='lat' dir='ltr'>nosse</span> <span class='ocrx_word' id='word_1_154' title='bbox 482 1788 726 1834; x_wconf 52' lang='lat' dir='ltr'>debebas?</span> <span class='ocrx_word' id='word_1_155' title='bbox 788 1787 998 1832; x_wconf 88' lang='lat' dir='ltr'>Priorum</span> <span class='ocrx_word' id='word_1_156' title='bbox 1030 1789 1288 1846; x_wconf 88' lang='lat' dir='ltr'>temporum</span> <span class='ocrx_word' id='word_1_157' title='bbox 1322 1788 1513 1833; x_wconf 85' lang='lat' dir='ltr'>servitus</span> <span class='ocrx_word' id='word_1_158' title='bbox 1546 1790 1598 1832; x_wconf 90' lang='lat' dir='ltr'>ut</span> 
     </span>
     <span class='ocr_line' id='line_1_25' title="bbox 165 1850 1597 1909; baseline -0.001 -14"><span class='ocrx_word' id='word_1_159' title='bbox 165 1852 353 1895; x_wconf 90' lang='lat' dir='ltr'>aliarum</span> <span class='ocrx_word' id='word_1_160' title='bbox 399 1852 673 1909; x_wconf 88' lang='lat' dir='ltr'>optimarum</span> <span class='ocrx_word' id='word_1_161' title='bbox 716 1851 881 1895; x_wconf 87' lang='lat' dir='ltr'>artium</span> <span class='ocrx_word' id='word_1_162' title='bbox 928 1851 993 1896; x_wconf 91' lang='lat' dir='ltr'>sic</span> <span class='ocrx_word' id='word_1_163' title='bbox 1039 1850 1173 1895; x_wconf 88' lang='lat' dir='ltr'>etiam</span> <span class='ocrx_word' id='word_1_164' title='bbox 1225 1850 1335 1895; x_wconf 89' lang='lat' dir='ltr'>iuris</span> <span class='ocrx_word' id='word_1_165' title='bbox 1383 1850 1597 1896; x_wconf 87' lang='lat' dir='ltr'>senatorii</span> 
     </span>
     <span class='ocr_line' id='line_1_26' title="bbox 166 1912 1596 1972; baseline -0.001 -14"><span class='ocrx_word' id='word_1_166' title='bbox 166 1914 438 1958; x_wconf 87' lang='lat' dir='ltr'>oblivionem</span> <span class='ocrx_word' id='word_1_167' title='bbox 479 1914 703 1972; x_wconf 87' lang='lat' dir='ltr'>quandam</span> <span class='ocrx_word' id='word_1_168' title='bbox 744 1916 788 1958; x_wconf 90' lang='lat' dir='ltr'>et</span> <span class='ocrx_word' id='word_1_169' title='bbox 829 1913 1132 1972; x_wconf 69' lang='lat' dir='ltr'>ignorantiam</span> <span class='ocrx_word' id='word_1_170' title='bbox 1166 1913 1355 1957; x_wconf 85' lang='lat' dir='ltr'>induxit.</span> <span class='ocrx_word' id='word_1_171' title='bbox 1422 1912 1596 1967; x_wconf 82' lang='lat' dir='ltr'>Quotus</span> 
     </span>
     <span class='ocr_line' id='line_1_27' title="bbox 165 1975 1598 2034; baseline -0.001 -14"><span class='ocrx_word' id='word_1_172' title='bbox 165 1977 284 2021; x_wconf 90' lang='lat' dir='ltr'>enim</span> <span class='ocrx_word' id='word_1_173' title='bbox 328 1977 516 2034; x_wconf 89' lang='lat' dir='ltr'>quisque</span> <span class='ocrx_word' id='word_1_174' title='bbox 558 1979 652 2020; x_wconf 91' lang='lat' dir='ltr'>tam</span> <span class='ocrx_word' id='word_1_175' title='bbox 694 1976 888 2034; x_wconf 87' lang='lat' dir='ltr'>patiens,</span> <span class='ocrx_word' id='word_1_176' title='bbox 931 1978 983 2020; x_wconf 82' lang='lat' dir='ltr'>ut</span> <span class='ocrx_word' id='word_1_177' title='bbox 1022 1976 1131 2020; x_wconf 83' lang='lat' dir='ltr'>velit</span> <span class='ocrx_word' id='word_1_178' title='bbox 1171 1975 1362 2034; x_wconf 85' lang='lat' dir='ltr'>discere,</span> <span class='ocrx_word' id='word_1_179' title='bbox 1396 1976 1516 2034; x_wconf 89' lang='lat' dir='ltr'>quod</span> <span class='ocrx_word' id='word_1_180' title='bbox 1550 1976 1598 2019; x_wconf 92' lang='lat' dir='ltr'>in</span> 
     </span>
     <span class='ocr_line' id='line_1_28' title="bbox 164 2038 1599 2096; baseline -0.001 -13"><span class='ocrx_word' id='word_1_181' title='bbox 164 2054 250 2083; x_wconf 88' lang='lat' dir='ltr'>usu</span> <span class='ocrx_word' id='word_1_182' title='bbox 281 2054 375 2083; x_wconf 91' lang='lat' dir='ltr'>non</span> <span class='ocrx_word' id='word_1_183' title='bbox 407 2039 465 2084; x_wconf 87' lang='lat' dir='ltr'>sit</span> <span class='ocrx_word' id='word_1_184' title='bbox 491 2038 758 2084; x_wconf 77' lang='lat' dir='ltr'>habiturus?</span> <span class='ocrx_word' id='word_1_185' title='bbox 802 2038 950 2096; x_wconf 88' lang='lat' dir='ltr'>Adde,</span> <span class='ocrx_word' id='word_1_186' title='bbox 979 2039 1100 2095; x_wconf 93' lang='lat' dir='ltr'>quod</span> <span class='ocrx_word' id='word_1_187' title='bbox 1126 2038 1311 2083; x_wconf 86' lang='lat' dir='ltr'>difficile</span> <span class='ocrx_word' id='word_1_188' title='bbox 1342 2041 1411 2083; x_wconf 88' lang='lat' dir='ltr'>est</span> <span class='ocrx_word' id='word_1_189' title='bbox 1435 2041 1599 2096; x_wconf 90' lang='lat' dir='ltr'>tenere,</span> 
     </span>
     <span class='ocr_line' id='line_1_29' title="bbox 167 2099 1596 2159; baseline -0.001 -14"><span class='ocrx_word' id='word_1_190' title='bbox 167 2117 279 2159; x_wconf 90' lang='lat' dir='ltr'>quae</span> <span class='ocrx_word' id='word_1_191' title='bbox 313 2102 554 2159; x_wconf 86' lang='lat' dir='ltr'>acceperis,</span> <span class='ocrx_word' id='word_1_192' title='bbox 585 2102 674 2147; x_wconf 91' lang='lat' dir='ltr'>nisi</span> <span class='ocrx_word' id='word_1_193' title='bbox 707 2116 924 2146; x_wconf 84' lang='lat' dir='ltr'>exerceas.</span> <span class='ocrx_word' id='word_1_194' title='bbox 999 2099 1158 2159; x_wconf 91' lang='lat' dir='ltr'>Itaque</span> <span class='ocrx_word' id='word_1_195' title='bbox 1190 2100 1376 2146; x_wconf 86' lang='lat' dir='ltr'>reducta</span> <span class='ocrx_word' id='word_1_196' title='bbox 1412 2100 1596 2145; x_wconf 87' lang='lat' dir='ltr'>libertas</span> 
     </span>
     <span class='ocr_line' id='line_1_30' title="bbox 165 2163 1598 2222; baseline -0.001 -14"><span class='ocrx_word' id='word_1_197' title='bbox 165 2164 297 2208; x_wconf 86' lang='lat' dir='ltr'>rudes</span> <span class='ocrx_word' id='word_1_198' title='bbox 330 2178 413 2208; x_wconf 88' lang='lat' dir='ltr'>nos</span> <span class='ocrx_word' id='word_1_199' title='bbox 441 2166 484 2208; x_wconf 90' lang='lat' dir='ltr'>et</span> <span class='ocrx_word' id='word_1_200' title='bbox 510 2164 743 2222; x_wconf 84' lang='lat' dir='ltr'>imperitos</span> <span class='ocrx_word' id='word_1_201' title='bbox 777 2163 1088 2222; x_wconf 82' lang='lat' dir='ltr'>deprehendit3</span> <span class='ocrx_word' id='word_1_202' title='bbox 1114 2163 1242 2209; x_wconf 87' lang='lat' dir='ltr'>cuius</span> <span class='ocrx_word' id='word_1_203' title='bbox 1269 2163 1503 2208; x_wconf 85' lang='lat' dir='ltr'>dulcedine</span> <span class='ocrx_word' id='word_1_204' title='bbox 1529 2178 1598 2207; x_wconf 88' lang='lat' dir='ltr'>ac·</span> 
     </span>
     <span class='ocr_line' id='line_1_31' title="bbox 167 2225 1598 2285; baseline -0.002 -14"><span class='ocrx_word' id='word_1_205' title='bbox 167 2226 288 2272; x_wconf 91' lang='lat' dir='ltr'>censi</span> <span class='ocrx_word' id='word_1_206' title='bbox 322 2226 526 2285; x_wconf 86' lang='lat' dir='ltr'>cogimur</span> <span class='ocrx_word' id='word_1_207' title='bbox 559 2227 777 2284; x_wconf 89' lang='lat' dir='ltr'>quaedam</span> <span class='ocrx_word' id='word_1_208' title='bbox 811 2226 956 2271; x_wconf 89' lang='lat' dir='ltr'>facere</span> <span class='ocrx_word' id='word_1_209' title='bbox 990 2228 1093 2270; x_wconf 88' lang='lat' dir='ltr'>ante</span> <span class='ocrx_word' id='word_1_210' title='bbox 1127 2242 1262 2284; x_wconf 90' lang='lat' dir='ltr'>quam</span> <span class='ocrx_word' id='word_1_211' title='bbox 1295 2241 1440 2272; x_wconf 85' lang='lat' dir='ltr'>nosse.</span> <span class='ocrx_word' id='word_1_212' title='bbox 1485 2225 1598 2269; x_wconf 83' lang='lat' dir='ltr'>Erat</span> 
     </span>
     <span class='ocr_line' id='line_1_32' title="bbox 167 2289 1599 2347; baseline -0.001 -14"><span class='ocrx_word' id='word_1_213' title='bbox 167 2291 316 2333; x_wconf 88' lang='lat' dir='ltr'>autem</span> <span class='ocrx_word' id='word_1_214' title='bbox 350 2289 598 2346; x_wconf 90' lang='lat' dir='ltr'>antiquitus</span> <span class='ocrx_word' id='word_1_215' title='bbox 632 2290 910 2347; x_wconf 89' lang='lat' dir='ltr'>institutum,</span> <span class='ocrx_word' id='word_1_216' title='bbox 944 2291 995 2333; x_wconf 92' lang='lat' dir='ltr'>ut</span> <span class='ocrx_word' id='word_1_217' title='bbox 1028 2305 1054 2332; x_wconf 90' lang='lat' dir='ltr'>a</span> <span class='ocrx_word' id='word_1_218' title='bbox 1085 2289 1332 2334; x_wconf 88' lang='lat' dir='ltr'>maioribus</span> <span class='ocrx_word' id='word_1_219' title='bbox 1364 2290 1475 2332; x_wconf 87' lang='lat' dir='ltr'>natu</span> <span class='ocrx_word' id='word_1_220' title='bbox 1506 2303 1599 2332; x_wconf 90' lang='lat' dir='ltr'>non</span> 
     </span>
    </p>
   </div>
   <div class='ocr_carea' id='block_1_7' title="bbox 238 2365 361 2368">
    <p class='ocr_par' dir='ltr' id='par_1_7' title="bbox 238 2365 361 2368">
     <span class='ocr_line' id='line_1_33' title="bbox 238 2365 361 2368; baseline 0 0"><span class='ocrx_word' id='word_1_221' title='bbox 238 2365 361 2368; x_wconf 95' lang='lat' dir='ltr'> </span> 
     </span>
    </p>
   </div>
   <div class='ocr_carea' id='block_1_8' title="bbox 166 2410 1598 2558">
    <p class='ocr_par' dir='ltr' id='par_1_8' title="bbox 166 2410 1598 2558">
     <span class='ocr_line' id='line_1_34' title="bbox 269 2410 1597 2458; baseline 0 -10"><span class='ocrx_word' id='word_1_222' title='bbox 269 2415 315 2448; x_wconf 84' lang='lat'>13</span> <span class='ocrx_word' id='word_1_223' title='bbox 342 2412 472 2448; x_wconf 80' lang='lat' dir='ltr'>vivum</span> <span class='ocrx_word' id='word_1_224' title='bbox 501 2412 731 2458; x_wconf 76' lang='lat' dir='ltr'>Gronovius,</span> <span class='ocrx_word' id='word_1_225' title='bbox 757 2424 879 2448; x_wconf 87' lang='lat' dir='ltr'>unum</span> <span class='ocrx_word' id='word_1_226' title='bbox 908 2413 1002 2449; x_wconf 85' lang='lat' dir='ltr'>Ma.</span> <span class='ocrx_word' id='word_1_227' title='bbox 1141 2415 1188 2448; x_wconf 87' lang='lat'>23</span> <span class='ocrx_word' id='word_1_228' title='bbox 1216 2410 1388 2448; x_wconf 85' lang='lat' dir='ltr'>debebas</span> <span class='ocrx_word' id='word_1_229' title='bbox 1416 2410 1597 2456; x_wconf 64' lang='lat' dir='ltr'>Gronov„</span> 
     </span>
     <span class='ocr_line' id='line_1_35' title="bbox 168 2461 1598 2510; baseline -0.001 -12"><span class='ocrx_word' id='word_1_230' title='bbox 168 2462 312 2499; x_wconf 86' lang='lat' dir='ltr'>debeas</span> <span class='ocrx_word' id='word_1_231' title='bbox 341 2463 443 2499; x_wconf 89' lang='lat' dir='ltr'>Ma.</span> <span class='ocrx_word' id='word_1_232' title='bbox 600 2466 646 2498; x_wconf 84' lang='lat'>25</span> <span class='ocrx_word' id='word_1_233' title='bbox 673 2462 939 2509; x_wconf 86' lang='lat' dir='ltr'>ignorantiam</span> <span class='ocrx_word' id='word_1_234' title='bbox 967 2462 1078 2509; x_wconf 81' lang='grc' dir='ltr'>ΒΜ,</span> <span class='ocrx_word' id='word_1_235' title='bbox 1112 2462 1309 2507; x_wconf 78' lang='lat' dir='ltr'>Budaeus,</span> <span class='ocrx_word' id='word_1_236' title='bbox 1344 2461 1410 2507; x_wconf 70' lang='lat' dir='ltr'>K„</span> <span class='ocrx_word' id='word_1_237' title='bbox 1442 2461 1598 2510; x_wconf 83' lang='lat' dir='ltr'>ignora-</span> 
     </span>
     <span class='ocr_line' id='line_1_36' title="bbox 166 2513 544 2558; baseline -0.003 -9"><span class='ocrx_word' id='word_1_238' title='bbox 166 2513 315 2550; x_wconf 86' lang='lat' dir='ltr'>tionem</span> <span class='ocrx_word' id='word_1_239' title='bbox 342 2524 379 2558; x_wconf 86' lang='lat' dir='ltr'>a,</span> <span class='ocrx_word' id='word_1_240' title='bbox 408 2513 544 2549; x_wconf 85' lang='lat' dir='ltr'>Muell.</span> 
     </span>
    </p>
   </div>
   <div class='ocr_carea' id='block_1_9' title="bbox 1621 887 1656 915">
    <p class='ocr_par' dir='ltr' id='par_1_9' title="bbox 1621 887 1656 915">
     <span class='ocr_line' id='line_1_37' title="bbox 1621 887 1656 915; baseline 0 0"><span class='ocrx_word' id='word_1_241' title='bbox 1621 887 1656 915; x_wconf 89' lang='grc'>10</span> 
     </span>
    </p>
   </div>
   <div class='ocr_carea' id='block_1_10' title="bbox 1621 1199 1656 1227">
    <p class='ocr_par' dir='ltr' id='par_1_10' title="bbox 1621 1199 1656 1227">
     <span class='ocr_line' id='line_1_38' title="bbox 1621 1199 1656 1227; baseline 0 0"><span class='ocrx_word' id='word_1_242' title='bbox 1621 1199 1656 1227; x_wconf 82' lang='lat'>15</span> 
     </span>
    </p>
   </div>
   <div class='ocr_carea' id='block_1_11' title="bbox 1622 1613 1659 1641">
    <p class='ocr_par' dir='ltr' id='par_1_11' title="bbox 1622 1613 1659 1641">
     <span class='ocr_line' id='line_1_39' title="bbox 1622 1613 1659 1641; baseline 0.027 -1"><span class='ocrx_word' id='word_1_243' title='bbox 1622 1613 1659 1641; x_wconf 77' lang='lat'>20</span> 
     </span>
    </p>
   </div>
   <div class='ocr_carea' id='block_1_12' title="bbox 1623 1927 1660 1956">
    <p class='ocr_par' dir='ltr' id='par_1_12' title="bbox 1623 1927 1660 1956">
     <span class='ocr_line' id='line_1_40' title="bbox 1623 1927 1660 1956; baseline 0.027 -1"><span class='ocrx_word' id='word_1_244' title='bbox 1623 1927 1660 1956; x_wconf 75' lang='lat'>25</span> 
     </span>
    </p>
   </div>
   <div class='ocr_carea' id='block_1_13' title="bbox 1624 2239 1661 2268">
    <p class='ocr_par' dir='ltr' id='par_1_13' title="bbox 1624 2239 1661 2268">
     <span class='ocr_line' id='line_1_41' title="bbox 1624 2239 1661 2268; baseline 0.027 -1"><span class='ocrx_word' id='word_1_245' title='bbox 1624 2239 1661 2268; x_wconf 76' lang='lat'>80</span> 
     </span>
    </p>
   </div>
  </div>
 </body>
</html>
