1716 2742
0 596 34 622 ⁴³<-
58 602 78 611 „

476 132 834 171 PANEGYRICUS
863 137 920 179 63,
936 144 952 171 3
968 155 1013 160 -—
1032 137 1089 179 65,
1105 142 1132 169 8.
1427 134 1515 180 377

93 252 323 308 tamquam
363 249 427 293 ita
465 249 563 294 fieri
603 250 775 295 soleret.
849 248 968 302 Quin
1007 249 1143 293 etiam
1183 247 1339 292 sedens
1380 247 1517 292 stanti
1544 260 1566 292 3

92 313 255 372 praeiit
285 311 354 357 ius
381 312 642 370 iurandum,
675 316 720 357 et
745 313 822 357 ille
849 312 1032 368 iuravit,
1066 310 1284 369 expressit
1310 311 1518 368 explana-

91 375 247 433 ritque
284 375 439 432 verba,
485 376 648 433 quibus
692 364 828 434 eaput
870 390 1020 432 suum,
1066 375 1249 419 domum
1289 388 1435 432 suam,
1480 373 1519 418 si

91 437 237 484 sciens
282 438 533 496 fefellisset,
592 438 777 483 deorum
837 438 927 482 irae
983 439 1274 482 consecraret.
1339 435 1519 496 Ingens,

92 499 274 559 Caesar,
319 503 363 545 et
401 516 482 558 par
521 501 666 560 gloria
698 504 794 557 tua,
841 501 934 546 sive
973 500 1162 545 fecerint
1200 499 1321 545 istud
1360 502 1519 558 postea

90 563 318 623 Principes
355 563 447 608 sive
490 579 583 608 non
621 564 820 609 fecerint.
885 563 1048 609 Ullane
1082 564 1189 608 satis
1224 563 1361 621 digna
1393 578 1517 620 prae·
1544 575 1567 608 4

92 625 257 672 dicatio
297 629 366 671 est
406 626 525 671 idem
565 627 699 671 tertio
748 627 976 671 consulem
1010 627 1168 671 fecisse
1202 626 1322 684 quod
1356 626 1519 683 primo,

0 673 26 706 ξ
91 689 210 736 idem
261 689 511 748 principem
560 690 679 747 quod
731 690 976 748 privatum,
1030 689 1147 733 idem
1199 689 1517 747 imperatorem

29 832 67 861 1⁰

28 1777 66 1806 25

92 752 213 811 quod
240 753 323 798 sub
355 752 656 811 imperatore?
687 752 851 798 Nescio
886 753 994 810 iam,
1026 753 1196 809 nescio,
1228 752 1518 810 pulchriusne

92 816 154 861 sit
195 815 328 874 illud,
374 815 495 873 quod
539 818 781 874 praeeunte
826 816 972 873 nullo,
1019 831 1075 859 an
1120 815 1225 872 hoe,
1269 815 1389 872 quod
1429 814 1517 858 ah'o

122 881 334 924 raeeunte
378 879 549 924 iurasti.
614 878 667 923 In
710 879 867 923 rostris
910 893 1088 936 quoque
1132 878 1269 922 simili
1300 877 1518 937 religione
1532 875 1592 924 65

89 893 188 1000 {me
219 944 266 987 te
297 941 474 1001 legibus
509 941 759 999 subiecisti,
791 941 987 1000 legibus,
1022 940 1199 998 Caesar,
1242 956 1352 999 quas
1384 955 1517 985 nemo

91 1004 287 1064 principi
321 1005 512 1064 scripsit.
580 1003 666 1049 Sed
700 1007 751 1049 tu
790 1005 906 1048 nihil
939 1004 1131 1061 amplius
1165 1004 1232 1048 vis
1266 1003 1351 1048 tibi
1383 1004 1518 1048 licere

93 1082 228 1126 quam
261 1067 412 1112 nobis:
452 1068 516 1113 sic
548 1067 620 1124 fit,
659 1070 711 1112 ut
739 1082 825 1120 ‚nos
865 1068 949 1111 tibi
981 1068 1083 1125 plus
1117 1067 1321 1111 velimus.
1387 1065 1516 1119 Quod

92 1145 177 1190 ego
203 1146 325 1176 nunc
351 1131 547 1189 primum
575 1130 727 1188 audio,
761 1145 881 1175 1111110
908 1130 1103 1188 primum
1131 1130 1277 1187 disco,
1308 1145 1401 1174 non
1433 1132 1518 1174 est:

93 1193 328 1253 ‘Princeps
343 1209 477 1252 super
489 1193 634 1253 leges'
656 1194 754 1238 sed:
773 1193 939 1253 5Leges
956 1208 1090 1251 super
1101 1193 1362 1251 principem,
1383 1192 1518 1237 idem-

93 1271 181 1315 que
213 1256 390 1302 Caesari
423 1257 598 1302 consuli
633 1257 752 1314 quod
793 1256 950 1301 ceteris
983 1271 1075 1300 11011
1107 1255 1249 1300 licet'
1314 1254 1438 1300 Iurat
1470 1255 1518 1299 111
1544 1267 1565 1300 2

90 1319 212 1380 leges
247 1320 582 1365 attendentibus
623 1320 690 1365 dis
725 1319 848 1379 (nam
883 1319 955 1364 0111
994 1319 1137 1378 magis
1173 1333 1306 1376 quam
1341 1317 1518 1363 Caesari

91 1382 390 1443 attendant?)‚
421 1383 539 1427 iurat
567 1382 906 1428 observantibus
934 1382 1009 1439 iis,
1036 1381 1199 1439 quibus
1226 1381 1344 1426 idem
1371 1381 1517 1426 iuran-

92 1446 200 1491 dum
233 1449 319 1505 est,
351 1462 445 1491 non
476 1446 660 1506 ignarus
694 1446 863 1503 alioqui
889 1445 1058 1490 nemini
1091 1444 1364 1504 religiosius,
1397 1443 1518 1502 quod

91 1509 324 1568 iuraverit,
358 1509 721 1567 custodiendum,
761 1524 895 1567 quam
939 1508 1064 1553 cuius
1105 1508 1299 1552 maxime
1331 1507 1517 1552 interest

90 1587 183 1616 non
221 1572 423 1631 peierari.
487 1571 645 1630 Itaque
685 1575 730 1616 et
769 1572 970 1616 abiturus
1011 1571 1248 1616 consulatu
1282 1569 1440 1614 iurasti
1471 1573 1517 1614 te
1555 1622 1558 1623 ⁷

89 1634 207 1680 nihil
232 1638 390 1681 contra
413 1636 536 1695 leges
563 1635 733 1680 fecisse.
798 1635 1013 1694 Magnum
1039 1634 1126 1678 hoc
1154 1636 1259 1691 erat,
1287 1649 1389 1678 cum
1416 1648 1517 1691 pro-

90 1697 312 1757 mitteres,
345 1698 506 1757 maius,
540 1701 781 1757 postquam
803 1698 1080 1756 praestitisti.
1114 1695 1208 1740 Iam
1230 1696 1396 1741 totiens
1417 1711 1517 1753 pro-

93 1761 248 1807 cedere
280 1762 328 1806 in
360 1764 508 1807 rostra
539 1762 911 1818 inasoensumque
939 1761 1067 1804 illum
1096 1759 1328 1818 superbiae
1354 1759 1516 1816 princi-

85 1821 199 1883 ’pum
223 1825 375 1870 locum
402 1827 562 1883 terere,
588 1824 664 1869 hic
684 1824 921 1881 suscipere,
946 1823 1021 1868 hic
1041 1838 1206 1881 ponere
1227 1822 1516 1882 magistratus

91 1902 226 1946 quam
259 1888 446 1947 dignum
479 1891 523 1932 te
558 1902 780 1946 quamque
815 1887 1038 1931 diversum
1073 1885 1387 1931 consuetudini
1419 1885 1516 1929 illo-

89 1966 211 2009 rum,
253 1951 343 2009 qui,
362 1951 567 2009 pauculis
613 1950 767 1995 diebus
808 1952 985 2009 gestum
1031 1949 1332 2005 consulatum,
1377 1948 1516 1992 immo

89 2028 183 2059 non
209 2017 387 2074 gestum
415 2013 667 2059 abiciebant
699 2029 779 2070 per
805 2012 1023 2057 edictum!
1056 2011 1157 2056 Hoc
1183 2027 1266 2070 pro
1294 2011 1518 2068 contione,

90 2092 172 2135 pro
198 2077 376 2136 rostris,
407 2092 490 2135 pro
517 2076 613 2121 iure
639 2075 840 2132 iurando,
869 2075 1040 2120 scilieet
1065 2077 1116 2119 ut
1141 2074 1298 2133 primis
1320 2077 1517 2119 extrema

193 2230 212 2263 1
247 2226 387 2263 sedens
414 2225 537 2263 stanti
571 2226 622 2271 A,
658 2225 835 2270 Gronov„
870 2225 922 2261 K.
938 2225 997 2270 II,
1034 2224 1186 2270 Muell„
1220 2223 1343 2260 stanti
1378 2222 1516 2260 sedens

91 2277 246 2323 Baehr„
279 2288 350 2315 om.
385 2276 509 2313 stanti
541 2280 623 2313 cett.
651 2275 770 2321 codd„
804 2275 856 2311 K.
878 2275 913 2321 1,
947 2275 1171 2321 Bornecque
1193 2286 1234 2321 p.
1254 2276 1331 2311 219
1362 2278 1397 2311 et
1427 2276 1516 2311 233.

91 2331 115 2363 4
135 2326 262 2364 sciens
276 2328 422 2372 Livin„
444 2327 558 2374 vuly„
580 2325 747 2362 scienter
761 2325 881 2371 codd„
902 2325 950 2371 ef.
974 2325 1025 2362 ad
1039 2336 1081 2372 p.
1104 2328 1189 2370 140,
1202 2327 1262 2362 26.
1343 2327 1389 2360 10
1410 2323 1516 2360 istud

95 2377 138 2423 Ο,
155 2377 208 2414 K.
288 2381 333 2414 16
355 2388 474 2424 supra
489 2398 534 2403 -—
551 2387 670 2423 supra
690 2376 804 2424 vuly„
819 2376 974 2421 Baehr.,
997 2386 1115 2422 super
1128 2397 1175 2402 --
1190 2385 1310 2422 supra
1325 2375 1385 2420 M,
1400 2385 1517 2422 super

94 2449 138 2454 —
158 2438 275 2475 super
298 2427 338 2473 Ο,
353 2428 419 2473 Κ.,
439 2427 663 2473 Bornecque
676 2429 812 2473 11222
831 2430 866 2464 et
883 2428 971 2463 233.
1054 2429 1098 2462 18
1119 2425 1226 2473 leges
1242 2425 1364 2472 Lips„
1387 2425 1440 2461 K.
1456 2425 1515 2470 II,

91 2477 246 2524 ΒαεῙιν.1
267 2478 418 2523 Μαεῐῐ.,
439 2476 567 2524 legem
589 2477 650 2523 M,
672 2477 724 2513 Κ.
740 2477 773 2513 Ι.
878 2479 925 2513 25
949 2487 1024 2523 que
1044 2487 1114 2513 om.
1132 2475 1164 2513 O
1179 2476 1238 2521 W,
1260 2475 1371 2512 Keili
1389 2475 1441 2521 A,
1463 2475 1514 2512 K.

93 2531 138 2564 27
168 2527 444 2565 consuetudini
471 2527 626 2574 Baehr„
656 2527 805 2573 Madv„
833 2526 984 2573 Muell„
1011 2525 1294 2564 consuetudine
1321 2525 1420 2574 ναῖς.
