1716 2742
28 798 64 826 10

30 1204 65 1233 15

474 102 839 142 EPISTULARUM
866 102 957 140 VIII
985 105 1142 140 16—18.
1428 102 1521 147 223

89 221 302 267 adsiduus
345 223 389 265 et
432 219 593 264 deiecti
634 218 830 262 nubibus
872 217 1095 274 turbines,
1142 219 1330 274 proruta
1372 231 1521 273 opera,

90 284 254 343 quibus
287 283 486 342 pretiosa
523 297 628 326 rura
667 281 929 340 cinguntur,
970 282 1179 337 quassata
1218 281 1351 336 atque
1385 279 1521 322 etiam

90 348 277 392 decussa
302 346 591 391 monimenta.
650 343 784 388 Multi
811 343 906 387 eius
933 342 1057 386 modi
1084 342 1259 387 casibus
1288 341 1523 397 debilitati,

91 409 261 467 obruti,
293 408 467 465 obtriti,
501 410 546 452 et
578 408 709 451 aucta
740 406 939 450 luctibus
974 405 1146 449 damna.

183 471 255 517 Ne
288 471 397 530 quid
437 471 583 514 simile
616 470 719 514 istic
750 484 833 527 pro
875 483 1086 512 mensura
1118 467 1326 525 periculi,
1365 481 1522 510 vereor

89 538 224 593 teque
255 549 387 593 rogo,
428 533 466 578 si
498 533 615 577 nihil
646 532 755 588 tale,
795 547 930 588 quam
970 530 1272 575 maturissime
1306 529 1522 573 sollicitu-

90 597 186 642 dini
217 613 341 641 meae
375 596 602 652 consulas,
636 594 712 639 sed
746 596 791 638 et
825 594 862 638 si
894 594 1003 650 tale,
1036 593 1083 637 id
1117 608 1296 651 quoque
1330 592 1521 636 nunties.

89 658 209 705 Nam
247 660 488 718 parvulum
527 658 696 714 differt,
737 656 924 715 patiaris
968 656 1153 700 adversa
1196 670 1254 699 an
1296 657 1523 712 expectes3

89 723 180 767 nisi
206 722 328 780 quod
366 724 518 766 tamen
550 723 618 765 est
657 719 838 764 dolendi
878 719 1057 776 modus,
1097 734 1190 763 non
1223 720 1291 762 est
1322 717 1523 761 timendi.

90 785 256 831 Doleas
295 785 435 842 enim,
478 785 696 842 quantum
736 782 850 827 scias
891 782 1123 839 accidisse,
1163 781 1343 837 timeas,
1386 795 1524 838 quan-

90 851 188 893 tum
222 848 368 906 possit
400 847 608 891 accidere.
675 844 800 890 Vale.

731 962 887 1002 XVIII.
974 939 1316 1036 uispmzzas
1352 960 1493 1003 aaa.

464 1041 506 1074 C.
528 1039 736 1074 PLINIUS
763 1038 957 1073 RUFINO
987 1038 1084 1072 SUO
1115 1038 1152 1071 S.

186 1124 370 1170 Falsum
403 1127 471 1169 est
509 1123 746 1180 nimirum,
788 1122 910 1180 quod
952 1122 1151 1166 creditur
1190 1122 1346 1180 vulgo,
1389 1122 1523 1164 testa-

91 1190 244 1233 menta
273 1187 512 1232 hominum
539 1186 773 1244 speculum
807 1200 902 1230 esse
936 1200 1131 1241 morum,
1166 1200 1268 1228 cum
1297 1182 1523 1227 Domitius

91 1250 250 1296 Tullus
269 1251 406 1309 longe
426 1249 588 1294 melior
614 1248 874 1306 apparuerit
899 1250 1045 1291 morte
1067 1263 1202 1305 quam
1226 1247 1327 1290 vita.
1392 1245 1525 1301 Nam,

92 1329 195 1359 cum
216 1328 264 1358 se
291 1313 564 1371 captandum
591 1311 891 1369 praebuisset,
923 1310 1108 1368 reliquit
1134 1310 1276 1353 filiam
1302 1309 1524 1364 heredem,

92 1392 206 1434 quae
247 1376 318 1420 illi
359 1390 462 1420 cum
504 1375 642 1418 fratre
685 1373 954 1430 communis,
1002 1373 1107 1430 quia
1146 1373 1344 1431 genitam
1387 1371 1525 1415 fratre

92 1439 395 1497 adoptaverat.
460 1437 731 1482 Prosecutus
759 1439 827 1480 est
852 1438 1038 1494 nepotes
1066 1435 1274 1493 plurimis
1301 1434 1526 1479 iucundis-

93 1502 308 1560 simisque
358 1501 542 1560 legatis,
602 1502 867 1558 prosecutus
922 1499 1057 1542 etiam
1110 1500 1388 1555 proneptem.
1472 1495 1526 1540 In

93 1580 268 1609 summa
332 1564 485 1608 omnia
546 1563 712 1621 pietate
771 1562 1034 1619 plenissima
1087 1577 1138 1604 ac
1199 1563 1326 1604 tanto
1380 1560 1524 1619 magis

92 1628 374 1686 inexpectata
407 1629 524 1671 sunt.
589 1625 714 1684 Ergo
757 1625 871 1668 varii
914 1626 1011 1668 tota
1053 1624 1234 1667 ciVItate
1279 1637 1525 1667 sermones:

92 1691 170 1735 alii
216 1690 392 1747 fictum,
451 1690 699 1748 ingratum,
759 1688 1051 1730 inmemorem
1094 1686 1345 1744 loquuntur
1390 1700 1525 1743 seque

92 1754 236 1811 ipsos,
284 1753 390 1797 dum
438 1752 716 1797 insectantur
762 1750 910 1806 illum,
963 1749 1237 1807 turpissimis
1284 1749 1526 1793 confessio-

92 1816 226 1860 nibus
266 1814 483 1873 produnt,
529 1816 580 1858 ut
627 1813 704 1870 qui
751 1813 803 1856 de
846 1814 991 1870 patre,
1038 1827 1142 1868 avo,
1183 1827 1353 1869 proavo
1398 1812 1527 1869 quasi

93 1879 147 1923 de
194 1878 304 1923 orbo
351 1879 615 1935 querantur,
661 1876 738 1919 alii
785 1877 942 1919 contra
986 1875 1074 1919 hoc
1119 1875 1270 1932 ipsum
1314 1874 1527 1918 laudibus

92 1942 266 1998 ferunt,
313 1940 433 1997 quod
480 1939 539 1984 sit
584 1939 826 1983 frustratus
866 1938 1095 1995 improbas
1130 1953 1231 1995 spes
1277 1936 1526 1993 hominum,

93 2019 207 2063 quos
254 2003 319 2048 sic
361 2003 564 2060 decipere
611 2016 692 2059 pro
736 2001 936 2045 moribus
985 2003 1242 2058 temporum
1288 1999 1528 2057 prudentia

94 2070 171 2111 est.
238 2065 426 2110 Addunt
465 2065 601 2109 etiam
644 2079 736 2107 non
779 2063 917 2108 fuisse
961 2064 1002 2107 ei
1033 2063 1226 2107 liberum
1262 2063 1350 2106 alio
1393 2065 1526 2106 testa-

93 2132 246 2174 mento
292 2128 428 2186 mori3
483 2143 628 2184 neque
675 2126 794 2170 enim
839 2126 1074 2183 reliquisse
1118 2141 1224 2183 opes
1265 2125 1404 2181 filiae,
1450 2125 1527 2168 sed

195 2245 215 2278 1
243 2239 389 2277 deiecti
415 2251 452 2283 α,
481 2239 533 2275 Κ.
556 2239 590 2283 Ι,
624 2238 776 2282 Maon„
810 2236 974 2274 deiectis
1002 2238 1062 2282 M,
1091 2237 1144 2273 K.
1166 2237 1225 2273 11.
1388 2238 1410 2271 8
1438 2246 1528 2282 par-

93 2291 227 2328 vulum
253 2303 290 2336 a,
318 2290 371 2327 K.
392 2290 447 2326 II
469 2289 584 2335 (disp.
607 2289 661 2324 ΙΙ
686 2291 764 2333 19),
797 2287 959 2334 paulum
987 2288 1048 2332 M,
1077 2287 1129 2323 K.
1151 2287 1186 2331 1,
1220 2287 1267 2331 cf.
1287 2297 1328 2333 p.
1349 2288 1437 2330 218,
1464 2289 1526 2322 27.

95 2345 140 2378 21
174 2341 302 2389 magis
335 2340 589 2386 inexpectata
622 2339 672 2382 B,
707 2338 872 2383 Coo-tius,
906 2338 958 2374 K.
981 2338 1015 2382 Ι,
1049 2336 1175 2384 magis
1210 2337 1438 2383 exspectata
1466 2336 1527 2380 M,

92 2391 220 2438 magis
246 2390 434 2437 quoniam
461 2389 715 2435 inexpectata
741 2389 867 2435 inepte
888 2399 1050 2435 prorsus
1070 2398 1116 2424 eoe
1136 2399 1161 2423 a
1182 2387 1235 2423 K.
1250 2387 1302 2423 ΙΙ
1324 2391 1359 2423 et
1389 2386 1526 2423 Muell.

95 2445 142 2478 28
169 2453 267 2488 quos
288 2470 421 2478 .....
442 2439 656 2487 prudentia
678 2439 737 2475 est
757 2451 793 2483 a,
816 2438 921 2484 quod
943 2437 999 2474 sic
1019 2449 1090 2484 pro
1111 2436 1285 2473 moribus
1305 2437 1526 2483 temporum

94 2492 154 2528 est
179 2492 218 2529 B
231 2492 290 2529 M.
