1656 2684
135 562 178 594 14

134 744 177 776 15

132 1046 177 1079 16

132 1409 176 1440 17

204 141 231 184 6
791 132 829 169 C.
856 130 988 168 PL1N1

203 262 266 302 es,
311 248 356 291 in
400 261 486 303 quo
532 261 599 289 me
643 243 937 302 interrogasti,
983 242 1087 299 quid
1131 241 1184 285 de
1227 239 1357 284 Metti
1394 239 1587 285 Modesti

202 310 361 365 pietate
381 306 635 351 sentirem?
671 305 897 362 Expalluit
915 303 1185 359 notabiliter,
1204 301 1405 359 quamvis
1422 301 1588 359 palleat

204 384 389 426 semper,
433 372 475 411 et
519 366 873 410 haesitabundus:
919 363 1231 421 ‘Inter-rogavi,
1273 377 1385 406 non
1407 365 1460 407 ut
1499 362 1586 407 tibi

204 445 422 485 nocerem,
453 429 525 472 sed
558 431 607 471 ut
631 426 859 470 Modesto.'
915 425 1026 468 Vide
1051 424 1241 468 hominis
1267 423 1587 481 crudelitatem,

204 491 277 546 qui
311 506 354 533 se
382 505 470 533 non
495 489 738 532 dissimulet
762 487 879 530 exuli
903 501 1059 530 nocere
1083 485 1286 529 voluisse.
1345 483 1586 530 Subiunxit
1610 501 1628 530 s

205 552 421 609 egregiam
448 564 639 593 causam:
667 547 894 605 ‘Scripsit'
919 548 1062 603 inquit
1088 546 1154 589 ‘in
1173 547 1364 603 epistula
1382 546 1587 604 quadam,

205 627 312 668 quae
338 610 451 667 apud
478 610 776 654 Domitianum
801 609 982 653 recitata
1007 611 1089 652 est:
1123 607 1340 666 ‘Regulus
1348 640 1361 664 ‚
1385 608 1586 652 omnium

204 672 404 729 bipedum
425 671 716 728 nequissimus
726 670 771 725 ”3
791 669 908 726 quod
928 669 1102 726 quidem
1115 669 1341 713 Modestus
1356 669 1589 714 verissime

204 733 440 789 scripserat.
502 731 588 775 Hic
628 732 717 775 fere
757 731 884 774 nobis
925 730 1136 774 sermonis
1168 730 1400 787 terminus;
1440 745 1586 788 neque
1652 767 1653 770 ,

203 793 316 836 enim
359 793 480 836 volui
523 792 728 850 progredi
770 792 964 849 longius,
1008 794 1058 834 ut
1101 791 1209 834 mihi
1254 791 1403 835 omnia
1443 791 1586 836 libera
1610 804 1656 835 ια’

203 869 432 909 servarem,
471 854 574 896 dum
605 853 824 896 Mauricus
862 854 1000 908 venit,
1036 867 1116 896 nec
1147 867 1217 895 me
1247 852 1460 909 praeterit
1490 867 1586 897 esse

203 913 418 972 Regulum
451 914 830 970 δυσκαθαίρετονς
868 917 933 956 est
965 914 1080 957 enim
1111 913 1327 971 locuples,
1359 913 1584 971 factiosus,

203 978 378 1018 curatur
408 990 433 1017 a
465 975 633 1030 multis,
664 976 843 1018 timetur
873 990 899 1017 a
929 974 1145 1031 pluribus,
1178 974 1295 1031 quod
1323 975 1585 1033 plerumque
1648 994 1656 1037 Ξ

203 1036 358 1078 fortius
386 1050 532 1079 amore
561 1039 636 1079 est.
688 1035 837 1079 Potest
864 1039 1009 1079 tamen
1034 1036 1147 1092 fieri,
1175 1038 1225 1079 ut
1243 1036 1352 1081 haec
1371 1050 1611 1082 concussa*
1643 1038 1656 1084 i.

201 1097 420 1152 labantur3
461 1111 561 1139 nam
603 1098 742 1154 gratia
783 1097 996 1139 malorum
1036 1099 1126 1140 tam
1167 1097 1304 1142 infida
1344 1100 1413 1142 est
1449 1113 1583 1156 quam
1610 1096 1656 1162 ἰᾷ

202 1157 298 1213 ipsi.
349 1156 531 1213 Verum,
551 1161 600 1200 ut
619 1158 732 1201 idem
753 1158 891 1201 dicam
913 1158 1103 1214 saepius,
1122 1161 1304 1214 expecto
1325 1158 1584 1204 Mauricum.

204 1217 283 1259 Vir
314 1220 380 1260 est
411 1219 572 1275 gravis,
611 1218 817 1275 prudens,
849 1219 999 1262 multis
1032 1219 1340 1276 experimentis
1373 1221 1584 1278 eruditus,
1643 1260 1656 1264 „

202 1281 245 1320 et
277 1278 351 1334 qui
383 1278 531 1322 futura
561 1279 701 1335 possit
732 1295 785 1323 ex
816 1280 1058 1336 praeteritis
1091 1281 1331 1337 providere.
1394 1281 1586 1326 Mihi‘et

202 1340 442 1394 temptandi
474 1340 638 1396 ahquid
671 1343 715 1383 et
746 1341 993 1396 quiescendi
1024 1342 1101 1385 illo
1134 1345 1312 1386 auctore
1342 1344 1457 1387 ratio
1482 1357 1586 1388 oon-

204 1399 344 1442 stabit.
413 1399 532 1444 Haec
575 1401 656 1444 tibi
700 1402 874 1458 scripsi,
917 1403 1019 1458 quia
1063 1418 1250 1459 aequum
1288 1406 1383 1448 erat
1418 1407 1464 1448 te
1501 1419 1584 1462 pro
1609 1417 1649 1445 ω

203 1474 346 1502 amore
391 1464 542 1504 mutuo
586 1477 675 1505 non
713 1463 855 1506 solum
895 1464 1041 1506 omnia
1079 1479 1174 1508 mea
1211 1465 1330 1509 facta
1367 1465 1590 1523 dictaque,

203 1535 353 1563 verum
386 1522 514 1564 etiam
547 1523 729 1566 consilia
761 1538 1032 1581 cognoscere.
1095 1525 1215 1569 Vale.

854 1637 922 1676 VI.

423 1708 464 1741 C.
488 1709 683 1742 PLINIUS
711 1709 958 1745 CORNELIO
986 1713 1158 1747 TACITO
1187 1714 1280 1749 SUO
1308 1715 1347 1749 S.

284 1762 481 1819 Ridebis,
523 1767 566 1806 et
608 1765 710 1808 licet
752 1767 902 1810 rideas.
971 1768 1068 1826 Ego
1107 1769 1276 1814 Plinius
1314 1771 1409 1828 ille,
1453 1785 1584 1828 quem
1609 1782 1646 1811 2⁸

201 1823 338 1878 nosti,
369 1839 497 1880 apros
523 1827 610 1867 tres
637 1828 679 1868 et
705 1827 877 1882 quidem
904 1830 1219 1884 pulcherrimos
1245 1833 1354 1889 cepi.
1412 1830 1584 1889 ‘Ipse‘2’

201 1884 359 1939 inquis.
423 1883 539 1940 Ipse3
579 1901 668 1929 non
707 1890 854 1931 tamen
894 1892 944 1932 ut
985 1892 1162 1935 omnino
1204 1893 1259 1936 ab
1297 1893 1457 1938 inertia
1487 1908 1586 1937 mea.

201 1947 245 1986 et
295 1944 440 2000 quiete
491 1945 764 1990 discederem.
847 1948 914 1992 Ad
965 1952 1073 1995 retia
1123 1953 1344 2011 sedebam3
1394 1957 1490 1999 erat
1537 1955 1586 1998 in

201 2005 402 2060 proximo
434 2021 523 2048 non
554 2008 816 2051 venabulum
850 2013 924 2053 aut
954 2012 1121 2069 lancea,
1163 2015 1238 2058 sed
1270 2016 1398 2060 stilus
1429 2018 1474 2060 et
1503 2029 1584 2072 pu·
1642 2034 1644 2038 ’

202 2066 394 2122 gillares3
427 2067 666 2111 meditabar
696 2070 859 2125 aliquid
893 2074 1226 2132 enotabamque,
1257 2080 1326 2134 ut,
1357 2077 1396 2121 si
1426 2090 1583 2121 manus
1609 2089 1646 2118 ω

203 2243 211 2251 ·
299 2200 319 2231 3
347 2199 385 2251 et
405 2209 471 2233 om.
495 2199 532 2234 R
547 2199 586 2234 F
597 2212 630 2235 a.
654 2222 696 2225 —
724 2201 1022 2239 haesitabundus
1041 2205 1167 2252 inquit
1186 2207 1316 2244 interr.
1338 2210 1413 2256 Fp
1424 2221 1458 2254 r,
1477 2208 1583 2246 haee.

200 2246 331 2281 interr.
351 2246 478 2291 inquit
508 2248 590 2284 Otto
612 2249 713 2294 prob.
742 2250 874 2286 Muell.
976 2258 1018 2288 12
1047 2255 1352 2302 δυσκαθαίρετον
1378 2271 1415 2303 α,
1441 2259 1585 2295 δυσκα-

200 2291 359 2337 θέρετον
387 2295 438 2331 Μ
450 2295 490 2339 V,
517 2295 803 2342 αὐκαθαίρετον
823 2300 876 2343 D,
902 2300 1235 2341 ἀκαταπάλαιστον
1261 2307 1310 2351 B,
1340 2307 1487 2352 Catum,
1513 2317 1582 2344 om.
1652 2335 1656 2338 -

201 2341 237 2377 R
247 2342 296 2386 F,
309 2342 371 2398 sed
381 2343 418 2378 R
432 2344 474 2378 in
487 2356 602 2391 mary.
616 2357 714 2381 man.
731 2350 752 2382 1
760 2357 779 2375 a
793 2351 1076 2397 aysuoelspsvov,
1088 2352 1350 2399 ἀκαθαίρετον
1358 2354 1584 2401 Beroaldus,

199 2392 435 2435 καθαιρετον
455 2391 727 2430 ἀκατάσθατον
748 2397 977 2442 Pomponius
997 2400 1147 2445 Laetus,
1167 2403 1215 2447 cf.
1243 2404 1366 2442 Wilde
1378 2416 1420 2452 p.
1440 2408 1511 2442 115
1531 2416 1584 2452 84.

204 2441 245 2473 16
273 2439 425 2484 saepius
452 2440 578 2476 dicam
604 2443 641 2479 R
656 2443 702 2478 F.
804 2448 848 2480 25
875 2445 1020 2483 Plinius
1047 2450 1139 2486 RF
1142 2461 1259 2496 pra,
1285 2464 1354 2490 om.
1380 2454 1459 2491 rell.
