1630 2678
195 90 254 134 45
783 82 820 118 e.
847 80 980 117 mm

196 215 339 258 geam,
381 212 574 254 possum,
618 195 871 253 praesertim
915 207 1014 236 cum
1059 192 1152 248 ipse
1196 190 1275 234 issa
1316 192 1408 234 tam
1452 192 1577 249 grate

196 262 518 316 interpretetur,
554 260 622 313 ut,
666 257 769 299 dum
807 254 954 311 priora
991 252 1169 309 accipit,
1205 251 1452 308 posteriora
1489 266 1577 296 me-

125 335 169 368 ιο
195 326 349 364 reatur.
422 318 583 373 Habes,
626 316 785 373 qualis,
826 330 957 371 quam
1004 313 1215 370 probatus
1260 326 1476 370 carusque
1518 313 1577 358 sit

194 381 337 436 nobis,
369 395 494 436 quem
527 393 634 436 rogo
667 392 747 434 pro
780 375 975 434 ingenio,
1011 389 1091 432 pro
1123 373 1303 418 fortuna
1338 375 1418 418 tua
1454 389 1576 419 exor-

194 458 280 485 nes.
342 440 392 483 In
423 440 574 497 primis
606 454 703 482 ama
734 437 974 493 hominem3
1014 451 1135 491 nam,
1171 434 1277 478 licet
1314 434 1485 479 tribuas
1523 434 1576 493 ei,
1599 446 1618 476 ὁ

195 505 401 558 quantum
451 500 764 556 amplissimum
823 501 966 555 poteS,
1021 496 1134 540 nihil
1181 498 1332 540 tamen
1385 496 1576 555 amplius

193 566 315 620 potes
347 561 536 605 amicitia
567 564 660 617 tua3
692 560 815 604 cuius
848 573 940 603 esse
981 573 1080 601 eum
1118 571 1258 614 usque
1289 556 1337 600 in
1372 556 1576 602 intimam

192 623 526 667 familiaritatem
559 636 760 678 capacem
793 635 880 676 quo
913 619 1051 678 magis
1084 618 1236 675 scires,
1272 617 1465 663 breviter
1493 618 1578 664 tibi

193 684 351 739 studia,
391 698 551 740 mores,
595 698 766 726 omnem
814 682 999 737 denique
1046 680 1180 724 vitam
1228 679 1322 724 eius
1369 678 1575 738 expressi.

123 759 163 790 11
191 744 476 788 Extenderem
509 758 675 800 preces,
705 743 791 786 nisi
817 747 860 786 et
884 745 933 785 tu
958 741 1104 799 rogari
1136 741 1211 784 diu
1235 740 1378 785 nolles
1417 743 1462 786 et
1492 755 1575 800 ego
1601 753 1630 808 19

192 809 283 848 tota
314 807 397 848 hoc
429 805 615 861 epistula
645 804 860 859 fecissem3
898 807 1025 861 rogat
1063 802 1178 846 enim
1217 804 1261 846 et
1299 801 1478 859 quidem
1515 801 1576 847 ef-

192 866 461 922 ficacissime,
495 866 571 921 qui
602 865 743 908 reddit
774 879 924 908 causas
955 863 1149 922 rogandi.
1213 862 1338 908 Vale.

822 978 930 1017 XIV.

183 1029 210 1086 Ἴ(
547 1052 588 1086 c.
609 1053 807 1086 PLINIUS
833 1052 1031 1085 MAXIMO
1060 1051 1153 1086 SUO
1182 1051 1220 1086 s.

146 1133 163 1165 1
270 1119 433 1164 Verum
465 1121 678 1177 opinaris:
717 1121 955 1178 distringor
991 1119 1381 1165 centumviralibus
1418 1119 1576 1178 causis,
1600 1132 1630 1161 ιε

192 1196 300 1236 quae
332 1197 400 1224 me
432 1184 631 1225 exercent
669 1182 807 1239 magis
846 1197 976 1238 quam
1015 1182 1243 1226 delectant.
1307 1179 1422 1226 Sunt
1459 1181 1575 1227 enim

191 1242 419 1298 pleraeque
451 1257 607 1298 parvae
639 1246 683 1285 et
707 1243 857 1299 exiles3
889 1258 986 1286 raro
1012 1242 1168 1286 incidit
1191 1242 1264 1287 vel
1286 1257 1577 1300 personarum

146 1316 167 1346 2
194 1303 387 1346 claritate
436 1304 504 1346 vel
547 1304 714 1360 negotii
764 1304 1063 1360 magnitudine
1105 1303 1323 1362 insignis..
1375 1303 1447 1349 Ad
1490 1304 1578 1348 hoc

190 1364 412 1419 perpauci,
462 1379 559 1407 cum
617 1365 775 1420 quibus
825 1365 946 1408 iuvet
995 1365 1154 1422 dicere,
1204 1365 1340 1410 ceteri
1389 1365 1574 1410 audaces

191 1426 319 1479 atque
351 1425 479 1467 etiam
511 1440 669 1482 magna
706 1441 759 1468 ex
790 1428 912 1482 parte
951 1426 1268 1470 adulescentuli
1305 1426 1483 1484 obscuri
1518 1425 1575 1470 ad
1598 1437 1630 1467 Μ

191 1483 516 1528 declamandum
547 1486 632 1529 huc
669 1487 935 1530 transierunt
971 1491 1061 1530 tam
1099 1488 1395 1532 inreverenter
1431 1491 1477 1532 et
1511 1490 1575 1532 te-

191 1559 323 1599 mere,
355 1548 404 1587 ut
435 1545 542 1588 mihi
574 1546 734 1590 Atilius
766 1550 916 1591 noster
946 1563 1146 1605 expresse
1179 1549 1342 1593 dixisse
1373 1549 1576 1593 videatur

191 1605 252 1648 sic
284 1605 329 1648 in
360 1606 454 1649 foro
493 1622 649 1662 pueros
687 1624 712 1651 a
749 1609 1132 1653 centumviralibus
1170 1610 1314 1655 causis
1355 1610 1574 1668 auspicari

189 1668 239 1708 ut
270 1666 322 1709 ab
355 1665 547 1710 Homero
585 1668 630 1710 in
668 1669 839 1712 scholis.
907 1669 1022 1714 Nam
1060 1671 1134 1715 hic
1172 1686 1348 1728 quoque
1388 1674 1441 1717 ut
1479 1670 1572 1716 illic

141 1739 163 1770 3
189 1726 378 1782 primum
410 1728 553 1783 coepit
584 1744 695 1785 esse,
725 1730 842 1785 quod
879 1732 1117 1775 maximum
1156 1735 1232 1777 est.
1295 1732 1358 1776 At
1394 1732 1572 1777 hercule
1597 1743 1630 1771 ’ὅ

189 1790 288 1830 ante
320 1789 570 1831 memoriam
603 1805 742 1833 meam
769 1789 850 1848 (ita
880 1792 1063 1836 maiores
1094 1796 1203 1837 natu
1239 1795 1384 1838 solent
1407 1790 1572 1852 dicere)

188 1862 242 1890 ne
280 1847 559 1892 nobilissimis
599 1850 771 1906 quidem
809 1852 1143 1898 adulescentulis
1181 1855 1306 1899 locus
1350 1857 1446 1899 erat
1483 1853 1572 1898 nisi

188 1907 335 1963 aliquo
386 1910 602 1952 consulari
651 1912 932 1967 producente:
981 1917 1103 1958 tanta
1145 1916 1426 1961 veneratione
1475 1916 1572 1973 pul-

140 1982 162 2013 4
188 1968 448 2011 cherrimum
482 1985 590 2026 opus
623 1973 854 2016 colebatur.
915 1973 1045 2018 Nunc
1080 1976 1279 2021 refractis
1311 1976 1492 2035 pudoris
1525 1978 1571 2020 et

186 2030 450 2072 reverentiae
483 2031 678 2075 claustris
712 2034 857 2077 omnia
887 2038 1038 2091 patent
1069 2038 1292 2095 omnibus,
1331 2053 1413 2083 nec
1443 2037 1570 2082 indu·
1592 2049 1630 2077 ³0

188 2092 365 2145 cuntur,
396 2091 469 2133 sed
505 2092 770 2149 inrumpunt.
834 2094 1048 2140 Secuntur
1085 2099 1306 2143 auditores
1344 2099 1568 2144 actoribus

284 2199 304 2230 5
326 2207 412 2232 ama
425 2209 496 2243 pro
517 2210 605 2234 nam
627 2201 721 2236 RF.
794 2206 812 2236 7
835 2202 874 2237 in
895 2204 1030 2248 RFa,
1054 2205 1148 2250 Otto,
1169 2206 1217 2242 ad
1235 2207 1316 2244 rell.
1387 2210 1433 2243 1‘1
1454 2206 1565 2244 exilis

187 2244 247 2288 M,
274 2245 324 2280 K.
345 2246 379 2289 I,
411 2245 535 2282 exillis
570 2248 611 2292 V,
641 2259 686 2283 ex
716 2249 794 2285 illis
826 2259 857 2286 ς’.
972 2255 1016 2288 19
1047 2255 1234 2299 perpauci
1266 2256 1434 2302 Fpra,
1468 2255 1565 2300 012⁰,

185 2292 335 2339 Stanyh
375 2294 506 2339 Mem„
546 2297 691 2341 Muell.‚
727 2298 767 2333 in
806 2301 885 2344 (sed
921 2302 963 2336 in
999 2306 1154 2348 rasura)
1197 2305 1315 2350 pauci
1354 2305 1411 2350 R,
1448 2303 1565 2351 pauci

186 2341 231 2376 M
245 2341 324 2377 VD
335 2351 374 2385 ς,
398 2343 447 2378 K.
469 2364 514 2369 —
534 2344 637 2380 iuvet
658 2347 817 2392 MVD,
843 2349 950 2384 iuvat
970 2350 1167 2397 RFpas.
1269 2357 1315 2389 27
1337 2353 1563 2390 adulescen-

183 2388 276 2425 tulis
302 2391 339 2427 R
354 2391 394 2426 F
397 2402 427 2437 p
440 2403 472 2436 r,
498 2392 807 2431 adulescentibus
834 2398 883 2433 M
896 2398 979 2434 VD
995 2407 1063 2435 ςα.
