1716 2742
130 1394 150 1427 5

186 134 276 179 360
794 127 832 166 0.
856 127 997 168 PLINI

185 248 355 292 dierum
390 246 506 290 inter
538 247 607 289 tot
640 243 815 301 imperii
857 258 984 288 curas
1019 243 1148 300 quasi
1180 259 1259 301 per
1293 242 1434 287 otium
1467 243 1609 286 trans-

184 311 289 370 igis!
348 308 506 366 ltaque
555 323 648 352 non
693 306 784 351 albi
834 308 878 350 et
921 305 1102 350 attoniti
1142 321 1226 350 nec
1264 308 1316 350 ut
1359 304 1610 363 periculum

185 372 341 430 capitis
377 371 542 416 adituri
574 370 692 415 tardi
725 369 780 414 ad
812 371 878 427 te,
919 368 996 413 sed
1031 368 1175 414 securi
1208 371 1252 413 et
1283 368 1467 425 hilares,
1507 382 1609 412 011111

184 434 469 480 commodum
503 436 589 492 est,
621 432 923 478 convenimus.
989 431 1069 490 Et,
1102 431 1364 476 admittente
1396 430 1611 489 principe,

184 498 408 542 interdum
455 499 523 542 est
568 496 756 554 aliquid,
816 495 936 554 quod
981 509 1064 539 nos
1117 494 1240 539 domi
1285 494 1414 553 quasi
1465 492 1608 553 magis

182 561 483 606 necessarium
516 562 684 604 teneat:
724 558 924 603 excusati
957 573 1132 615 semper
1163 557 1249 602 tibi
1281 572 1364 603 1100
1395 571 1610 614 umquam

183 623 424 669 excusandi
464 638 631 668 sumus.
697 620 793 667 Scis
834 620 953 666 enim
987 621 1072 665 sibi
1113 635 1334 679 quemque
1371 621 1611 677 praestare,

183 688 304 746 quod
337 690 381 732 te
415 686 582 743 videat,
617 686 738 743 quod
763 685 1037 743 frequentet,
1071 699 1123 729 ac
1148 686 1276 728 tanto
1302 683 1533 728 liberalius
1560 696 1611 727 ac

183 751 350 795 diutius
378 748 623 807 voluptatis
650 748 784 793 huius
813 747 988 806 copiam
1016 747 1214 805 praebes.
1254 745 1352 792 Nec
1379 745 1610 791 salutatio-

180 829 258 858 nes
298 816 397 857 tuas
448 812 558 872 fuga
597 814 641 856 et
679 811 865 856 vastitas
905 810 1126 868 sequitur:
1165 825 1460 867 remoramur,
1505 809 1610 854 resi-

183 877 342 921 stimus
375 879 427 920 ut
459 875 506 919 111
541 874 769 920 communi
803 873 958 931 domo,
1002 888 1136 931 quam
1168 888 1312 931 nuper
1343 872 1423 917 illa
1455 872 1610 916 imma-

180 940 367 985 nissima
412 938 544 983 belua
588 938 784 996 plurimo
830 939 1001 981 terrore
1042 936 1283 994 munierat,
1339 949 1440 980 cum
1487 935 1612 979 velut

182 1003 376 1060 quodam
409 1017 544 1060 specu
584 1001 758 1046 inclusa
796 1015 917 1044 nunc
949 999 1306 1058 propinquorum
1346 997 1611 1058 sanguinem

179 1065 415 1123 lamberet,
465 1079 588 1109 nunc
635 1080 681 1109 se
728 1063 783 1108 ad
830 1062 1181 1108 clarissimorum
1228 1062 1393 1107 civium
1439 1063 1610 1121 strages

181 1129 424 1187 caedesque
458 1127 690 1186 proferret.
758 1125 1123 1171 Obversabantur
1161 1125 1334 1170 foribus
1371 1124 1534 1169 horror
1565 1126 1612 1169 et

181 1192 328 1237 minae
362 1194 407 1236 et
439 1207 521 1249 par
553 1193 699 1235 metus
733 1189 940 1235 admissis
975 1191 1019 1233 et
1052 1189 1264 1234 exclusis:
1305 1188 1361 1232 ad
1393 1188 1482 1232 1100
1513 1187 1610 1246 ipse

181 1270 370 1300 occursu
405 1269 585 1312 quoque
618 1253 807 1311 visuque
846 1251 1080 1310 terribilis3
1114 1251 1324 1310 superbia
1362 1251 1410 1295 in
1448 1250 1610 1308 fronte,

180 1319 246 1363 ira
278 1318 326 1362 in
359 1317 519 1375 oculis,
553 1317 771 1361 femineus
805 1316 952 1374 pallor
977 1315 1025 1359 in
1053 1330 1256 1373 corpore,
1289 1313 1339 1358 in
1365 1329 1440 1359 ore
1467 1313 1611 1371 impu-

180 1381 331 1426 dentia
357 1381 500 1426 multo
528 1380 692 1424 rubore
720 1379 898 1424 suffusa.
951 1378 1059 1424 Non
1085 1378 1207 1423 adire
1234 1377 1492 1436 quisquam,
1518 1391 1612 1421 non

180 1445 364 1503 adloqui
385 1443 578 1488 audebat
596 1443 802 1487 tenebras
830 1457 1006 1499 semper
1026 1443 1335 1498 secretumque
1355 1441 1610 1498 captantem

179 1523 261 1553 nec
303 1523 516 1565 umquam
564 1522 619 1551 ex
658 1505 901 1550 solitudine
948 1520 1028 1549 sua
1073 1505 1388 1562 prodeuntem,
1432 1503 1521 1548 nisi
1559 1505 1612 1547 ut

105 1567 164 1618 49
181 1570 469 1616 solitudinem
502 1569 678 1614 faceret.
727 1568 810 1613 Ille
842 1571 1014 1625 tamen,
1047 1568 1211 1626 quibus
1245 1567 1332 1612 sibi
1364 1565 1610 1625 parietibus

130 2025 150 2057 2

180 1637 224 1679 et
257 1634 397 1678 muris
432 1634 621 1679 salutem
656 1647 782 1677 suam
815 1631 933 1676 tueri
965 1631 1220 1688 videbatur,
1265 1630 1419 1675 dolum
1458 1643 1609 1674 secum

180 1700 225 1742 et
250 1697 434 1742 insidias
462 1699 506 1740 et
531 1697 725 1740 ultorem
753 1695 972 1740 scelerum
999 1694 1132 1738 deum
1158 1693 1353 1738 inclusit.
1406 1691 1612 1737 Dimovit

180 1759 485 1820 perfregitque
519 1759 745 1803 custodias
778 1773 924 1816 poena
951 1760 1257 1817 angustosque
1283 1772 1364 1815 per
1390 1755 1538 1801 aditus
1566 1758 1611 1800 et

181 1824 437 1869 obstructos
467 1838 560 1867 non
591 1837 717 1867 secus
749 1837 800 1866 00
830 1837 910 1879 per
940 1823 1116 1879 apertas
1146 1820 1264 1865 fores
1297 1821 1342 1865 et
1368 1818 1611 1864 invitantia

178 1886 336 1931 limina
370 1886 558 1944 inrupit3
597 1886 822 1944 longeque
854 1888 964 1929 tunc
996 1884 1066 1928 illi
1099 1883 1309 1928 divinitas
1343 1897 1442 1940 sua,
1474 1882 1610 1941 longe

180 1965 341 1994 arcana
374 1950 453 1993 illa
479 1948 646 1994 cubilia
674 1948 883 2005 saevique
911 1962 1127 2005 secessus,
1162 1947 1209 1991 in
1237 1960 1350 2004 quos
1376 1946 1539 1990 timore
1565 1948 1611 1990 et

180 2013 390 2071 superbia
423 2015 467 2057 et
501 2012 603 2056 odio
630 2011 867 2056 hominum
895 2010 1123 2070 agebatur.
1178 2009 1355 2063 Quanto
1388 2023 1509 2054 nunc
1541 2010 1610 2053 tu-

281 2180 301 2213 2
350 2174 431 2212 albi
478 2174 629 2219 Madv„
668 2173 824 2222 Stanyl,
870 2172 940 2209 alii
986 2172 1106 2218 codd„
1147 2172 1213 2218 K„
1257 2170 1422 2208 alienati
1460 2170 1608 2216 Muell„

180 2226 286 2262 anxii
315 2227 385 2273 (vel
414 2224 572 2273 pallidi)
602 2223 623 2261 .9
655 2225 707 2261 K.
732 2224 842 2271 prob.
865 2224 1020 2270 Baehr.‚
1050 2222 1185 2269 pavidi
1214 2221 1234 2260 ,9
1264 2221 1421 2268 Suster„
1448 2219 1608 2258 solliciti

181 2277 363 2314 Schnelle.
517 2279 538 2312 3
575 2274 681 2311 tardi
719 2274 769 2311 ad
804 2276 844 2311 te
877 2274 1000 2321 Lips„
1038 2273 1192 2319 Baehr„
1231 2273 1381 2319 Muell.,
1417 2270 1607 2308 tarditate

181 2328 300 2373 codd„
333 2327 433 2374 vuly.
469 2348 515 2353 —
549 2325 694 2362 hilares
723 2324 823 2375 (et)
852 2335 941 2361 cum
967 2323 987 2361 ,9
1012 2324 1064 2361 K.
1089 2324 1197 2371 prob.
1219 2323 1361 2360 Baehr.
1489 2325 1513 2359 4
1545 2321 1608 2358 sin

181 2377 283 2414 adm.
315 2378 469 2422 Baehr„
501 2376 566 2414 sed
598 2376 699 2413 idem
733 2376 772 2412 et
805 2375 907 2412 adm.
934 2375 1058 2422 princ.
1088 2373 1182 2424 (si)
1212 2374 1338 2421 praef.
1366 2384 1407 2420 p.
1436 2372 1607 2419 XXIII,

182 2428 332 2474 Muell„
364 2427 412 2473 cf.
441 2427 588 2464 Burkh.
621 2438 659 2474 p.
689 2428 774 2471 175,
808 2425 1007 2473 principes
1035 2426 1086 2471 A,
1121 2424 1154 2461 si
1180 2436 1250 2462 om.
1278 2423 1394 2471 vuly„
1420 2422 1472 2460 K.
1499 2427 1607 2468 recte,

180 2478 344 2564 <gi-cap.
379 2479 444 2523 25,
481 2480 526 2523 4;
565 2479 625 2523 66,
662 2479 707 2522 4,·
745 2476 795 2513 al.
982 2478 1025 2512 11
1073 2475 1116 2512 in
1161 2472 1359 2512 communi
1402 2472 1444 2510 in
1491 2472 1606 2510 domo

210 2528 360 2565 chnelle.

1638 818 1674 846 10

1638 1132 1673 1160 15

1637 1447 1674 1475 80

1637 1763 1716 1806 25:

1708 1982 1716 2047 1

1703 2501 1716 2742 mnu—finam*
1706 2383 1716 2494 una-..m
1708 2369 1711 2374 ν
