1716 2742
471 110 830 162 PANEGYmcUs
857 127 948 169 48,1
961 146 1011 151 -
1026 126 1085 169 50,
1101 133 1116 159 1
1420 123 1507 168 361

0 254 10 259 ‘
78 239 195 299 Qr,
227 242 397 298 quanto
419 239 617 284 securior
643 239 797 284 eadem
818 239 997 296 domus,
1030 240 1267 296 postquam
1298 251 1399 281 erus
1419 252 1511 281 non

0 355 35 435 b*

27 507 62 552 1

87 301 384 360 crudelitatis,
413 303 491 348 sed
511 303 676 348 amoris
697 302 916 359 excubiis,
944 317 1038 346 non
1058 300 1301 346 solitudine
1327 302 1372 344 et
1393 300 1511 344 clau-

87 365 212 424 stris,
256 365 334 410 sed
367 365 533 410 civium
566 366 823 410 celebritate
856 364 1128 409 defenditur!
1192 363 1369 422 Ecquid
1403 377 1510 433 8180
1538 373 1559 407 3

87 428 300 474 discimus
333 429 640 487 experimento
674 428 938 473 fidissimam
978 443 1074 472 esse
1107 426 1357 472 custodiam
1391 426 1512 497 prin-

87 490 201 550 cipis
219 491 363 550 ipsius
383 492 718 536 innocentiam?
769 491 893 536 Haec
914 507 994 535 arx
1013 491 1258 547 inaccessa,
1283 489 1403 534 1100
1390 504 1512 533 mex-

85 554 329 614 pugnabile
355 555 703 611 munimentum,
730 555 1008 599 munimento
1034 569 1127 598 non
1153 568 1293 612 egere.
1327 551 1512 596 Frustra

0 613 14 652 ’-
85 631 135 662 88
164 619 336 662 terrore
368 618 657 674 succinxerit,
692 617 770 674 qui
803 620 982 675 saeptus
1016 617 1202 662 caritate
1234 630 1327 660 non
1358 614 1512 672 fuerit3

85 679 223 726 armis
249 680 367 725 enim
397 696 521 725 arma
545 680 790 724 irritantur.
845 679 968 724 Num
996 682 1144 724 autem
1171 679 1308 723 serias
1335 648 1512 722 tantuni
1538 688 1562 721 4

3 737 34 793 J
85 745 236 802 partes
257 742 430 788 dierum
458 744 507 787 18
528 743 669 788 088118
689 742 855 787 nostris
883 746 1103 801 coetuque
1130 741 1388 787 consumis?
1419 756 1512 785 non

20 823 62 852 10

84 805 426 851 remissionibus
458 806 549 850 tuis
583 806 737 850 eadem
771 806 1024 864 frequentia
1056 805 1299 863 eademque
1332 805 1411 849 illa
1443 819 1512 848 so-

0 888 2 892 ·
85 869 260 914 cialitas
291 868 512 914 interest?
541 884 635 913 non
667 869 751 913 tibi
785 884 961 927 semper
993 869 1041 912 in
1070 867 1217 912 medio
1245 868 1372 912 cibus
1400 882 1511 911 sem·
1539 877 1561 910 5

22 1137 59 1166 15

85 947 254 991 perque
273 947 429 977 mensa
449 932 732 977 communis?
760 947 853 976 non
874 947 928 976 ex
949 932 1159 976 convictu
1178 933 1334 975 nostro
1355 932 1513 974 mutua

84 995 326 1054 voluptas?
355 1011 450 1040 non
468 1010 687 1054 provocas
708 995 945 1052 reddisque
966 993 1223 1039 sermones?
1251 1009 1344 1038 non
1363 993 1512 1051 ipsum

84 1060 263 1117 tempus
305 1059 540 1116 epularum
582 1061 781 1115 tuarum,
834 1073 935 1102 cum
983 1057 1220 1116 frugalitas
1264 1056 1512 1112 contrahat,

85 1120 288 1166 extendit
330 1121 620 1166 humanitas?
683 1120 791 1166 Non
839 1121 957 1165 enim
1008 1124 1112 1164 ante
1155 1119 1350 1164 medium
1395 1119 1513 1163 diem
1540 1128 1562 1161 6

85 1183 307 1229 distentus
335 1184 538 1229 solitaria
567 1199 677 1229 cena
706 1186 932 1242 spectator
957 1183 1284 1241 adnotatorque
1312 1181 1512 1227 convivis

84 1246 176 1293 tuis
220 1246 413 1292 inmines
457 1262 541 1292 nec
582 1246 742 1291 ieiunis
783 1250 828 1291 et
872 1247 1080 1291 inanibus
1124 1246 1284 1304 plenus
1330 1246 1426 1304 ipse
1468 1247 1514 1289 et

83 1312 267 1355 ructans
298 1325 390 1355 non
423 1312 518 1355 tam
551 1309 739 1368 adponis
774 1325 909 1368 quam
943 1309 1082 1354 obicis
1116 1309 1259 1366 cibos,
1294 1323 1406 1366 quos
1440 1307 1511 1352 de-

85 1372 284 1433 digneris
317 1372 556 1432 attingere,
589 1388 810 1433 aegreque
843 1388 1081 1431 perpessus
1116 1372 1352 1430 superbam
1386 1371 1511 1415 issam

85 1436 319 1482 convictus
353 1436 687 1481 simulationem
721 1451 875 1480 rursus
914 1439 959 1480 te
993 1435 1049 1480 ad
1081 1434 1404 1480 clandestinam
1437 1448 1512 1493 ga-

83 1514 216 1544 neam
242 1499 562 1558 occultumque
588 1500 746 1543 luxum
772 1499 922 1544 refers.
974 1498 1098 1558 Ergo
1125 1513 1218 1542 non
1245 1513 1403 1542 aurum
1429 1510 1513 1541 nec
1540 1506 1560 1539 ‘1

84 1564 319 1622 argentum
342 1577 426 1607 nec
446 1563 671 1621 exquisita
690 1562 872 1633 ingenia
893 1577 1116 1620 cenarum,
1145 1561 1223 1605 sed
1243 1561 1511 1605 suavitatem

83 1627 211 1671 tuam
246 1625 662 1696 iucunditatemque
695 1626 931 1682 miramur,
971 1625 1134 1682 quibus
1166 1624 1294 1668 nulla
1331 1623 1511 1668 satietas

84 1688 231 1747 adest,
265 1688 444 1746 quando
479 1689 652 1733 sincera
691 1689 842 1733 omnia
880 1690 926 1732 et
963 1704 1068 1732 vera
1101 1690 1146 1732 et
1179 1689 1338 1731 ornata
1369 1685 1513 1757 gravi-

83 1753 187 1796 tate.
249 1750 411 1810 Neque
450 1751 569 1796 enim
609 1754 688 1815 aut
725 1752 985 1810 peregrinae
1018 1749 1350 1822 superstitionis
1383 1749 1512 1793 mini-
1539 1758 1561 1791 8

84 1814 221 1860 steria
258 1817 338 1859 aut
377 1814 597 1859 obscaena
635 1814 886 1873 petulantia-
924 1814 1090 1858 mensis
1129 1812 1347 1884 principis
1387 1812 1512 1857 ober-

82 1880 171 1936 rat,
225 1878 302 1923 sed
343 1877 540 1937 benigna
585 1878 793 1922 invitatio
841 1879 886 1921 et
930 1876 1136 1921 liberales
1189 1875 1278 1920 ioci
1332 1878 1377 1920 et
1422 1877 1512 1919 stu-

84 1940 262 1986 diorum
306 1941 463 1985 honor.
528 1939 638 1985 Inde
683 1941 767 1984 tibi
813 1955 974 1998 parcus
1021 1942 1066 1984 et
1117 1939 1262 1984 brevis
1315 1953 1513 1995 somnus,

82 2003 350 2062 nullumque
376 2019 528 2048 amore
555 2003 700 2048 nostri
729 2006 906 2061 tempus
940 2002 1195 2063 angustius,
1229 2017 1363 2060 quam
1392 2000 1512 2059 quod

84 2066 180 2112 sine
210 2066 342 2112 nobis
376 2067 485 2126 agis.

179 2128 285 2188 Sed,
318 2145 421 2175 cum
447 2130 582 2174 rebus
609 2129 698 2173 tuis
726 2131 777 2173 ut
803 2129 1044 2187 participes
1070 2128 1369 2186 perfruamur,
1399 2124 1587 2184 quae50

82 2192 301 2238 habemus
333 2193 441 2251 ipsi,
474 2208 609 2251 quam
642 2192 843 2250 propria,
877 2207 1011 2250 quam
1043 2194 1200 2236 nostra
1232 2191 1355 2236 sunt!
1405 2189 1513 2235 Non

84 2256 202 2301 enim
224 2255 473 2302 exturbatis
487 2255 713 2314 prioribus
729 2254 922 2299 dominis
938 2270 1068 2299 omne
1089 2257 1312 2314 stagnum,
1334 2269 1512 2298 omnem

82 2319 252 2377 lacum,
310 2333 488 2364 omnem
548 2317 682 2363 etiam
735 2318 899 2363 saltum
961 2318 1179 2362 immensa
1229 2316 1512 2375 possessione

186 2472 206 2505 1
243 2479 333 2505 8188
369 2468 492 2515 Lips„
529 2467 685 2513 Baehr„
723 2468 873 2513 Muell„
911 2467 995 2504 eius
1031 2467 1138 2505 codd.
1165 2467 1275 2514 mall„
1312 2467 1382 2505 del.
1409 2467 1510 2516 vulq.

85 2522 107 2555 5
134 2518 263 2556 innoc.
283 2518 409 2566 ipsius
436 2518 577 2555 Baehr.
601 2518 708 2555 Mus.
730 2518 852 2555 Rhen.
875 2517 1006 2555 XXX
1025 2520 1109 2555 465.
