1630 2678
114 393 128 424 1

157 122 216 165 44
748 113 786 150 C.
813 111 948 148 PLINI

804 228 894 267 XII.

501 305 541 338 C.
564 304 762 337 PLINIUS
789 302 1007 335 ARRIANO
1037 300 1131 334 SUO
1159 299 1198 334 S.

258 375 530 430 Λιτούργιον
562 371 685 427 illud,
717 370 835 427 quod
867 384 1094 427 superesse
1126 367 1240 412 Mari
1270 366 1411 412 Prisci
1449 381 1548 412 cau·

160 453 230 481 sae
263 437 457 493 proxime
496 434 774 490 scripseram,
811 432 958 475 nescio
992 446 1049 474 an
1081 429 1206 487 satis,
1238 428 1548 474 circumcisum

113 513 133 545 2
159 502 301 541 tamen
334 500 376 539 et
407 496 606 539 adrasum
639 496 714 538 est.
778 492 998 536 Firminus
1031 490 1237 535 inductus
1268 489 1316 534 in
1347 491 1547 534 senatum
1572 507 1590 536 5

159 558 381 615 respondit
411 555 582 600 crimini
612 557 730 598 noto.
797 553 980 598 Secutae
1013 555 1116 596 sunt
1148 551 1344 596 diversae
1375 554 1548 596 senten-

159 620 242 662 tiae
286 618 512 662 consulum
553 616 898 674 designatorum:
938 613 1156 658 Cornutus
1189 612 1413 657 Tertullus
1451 625 1549 658 cen-

160 680 244 723 suit
288 679 436 722 ordine
481 677 765 732 movendum,
808 675 994 720 Acutius
1038 674 1188 718 Nerva
1231 674 1279 719 in
1317 673 1549 718 sortitione

159 740 405 796 provinciae
449 739 663 782 rationem
697 737 788 780 eius
821 752 910 780 non
954 735 1211 779 habendam.
1285 733 1406 787 Quae
1450 749 1545 778 sen-

158 801 293 844 tentia
323 803 546 856 tamquam
589 799 737 842 mitior
780 798 902 852 vicit,
948 812 1045 841 cum
1087 797 1144 841 sit
1185 795 1354 853 alioqui
1395 795 1547 840 durior
1572 813 1609 841 10

113 876 132 907 3
159 862 420 918 tristiorque.
490 859 603 912 Quid
655 860 769 903 enim
821 859 1020 902 miserius
1072 873 1204 915 quam
1254 859 1454 901 exectum
1505 859 1550 900 et

159 924 406 978 exemptum
437 921 678 964 honoribus
712 920 939 963 senatoriis
970 919 1121 963 labore
1154 921 1198 962 et
1230 917 1434 962 molestia
1457 932 1550 962 non

160 982 331 1027 carere?
370 982 474 1038 quid
513 982 687 1039 gravius
727 996 857 1037 quam
896 983 1019 1024 tanta
1051 979 1294 1039 ignominia
1325 979 1548 1023 adfectum

158 1059 246 1087 non
276 1044 322 1086 in
354 1043 587 1087 solitudine
624 1043 775 1098 latere,
814 1042 888 1085 sed
926 1042 972 1085 in
1009 1041 1093 1085 hac
1125 1041 1340 1085 altissima
1371 1040 1550 1098 specula

113 1119 132 1148 4
159 1104 512 1161 conspiciendum
539 1118 583 1147 se
610 1104 1028 1159 monstrandumque
1053 1101 1295 1160 praebere?
1325 1103 1551 1159 praeterea
1574 1118 1610 1147 15

161 1165 263 1221 quid
295 1165 467 1221 publice
500 1164 642 1207 minus
676 1167 751 1207 aut
783 1179 1030 1222 congruens
1070 1166 1147 1207 aut
1179 1163 1388 1207 decorum
1419 1176 1550 1220 quam

159 1229 355 1269 notatum
401 1242 426 1268 a
470 1228 621 1268 senatu
665 1225 711 1268 in
756 1228 909 1269 senatu
954 1225 1103 1269 sedere
1135 1224 1332 1282 ipsisque
1369 1223 1480 1280 illis,
1524 1238 1551 1267 a

162 1287 316 1342 quibus
337 1287 393 1329 sit
417 1289 613 1342 notatus,
646 1287 842 1343 aequari,
874 1290 1144 1330 summotum
1170 1301 1196 1329 a
1220 1285 1550 1342 proconsulatu,

162 1347 262 1403 quia
293 1363 337 1390 se
370 1348 414 1390 in
439 1348 658 1405 legatione
684 1348 871 1404 turpiter
898 1350 1103 1405 gesserat,
1130 1347 1182 1390 de
1208 1345 1548 1404 proconsulibus

162 1408 347 1451 iudicare
385 1408 722 1464 damnatumque
761 1409 955 1451 sordium
994 1409 1066 1451 vel
1097 1408 1304 1451 damnare
1336 1407 1446 1451 alios
1477 1406 1550 1450 vel
1573 1424 1610 1452 zo

164 1468 411 1511 absolvere?
450 1468 533 1512 Sed
572 1469 656 1512 hoc
695 1470 897 1526 pluribus
930 1470 1074 1512 visum
1107 1472 1184 1512 est.
1246 1468 1550 1512 Numerantur

164 1530 277 1571 enim
323 1531 576 1585 sententiae,
616 1545 706 1574 non
743 1531 1061 1587 ponderantur3
1102 1545 1183 1573 nec
1225 1530 1344 1574 aliud
1385 1529 1434 1573 in
1470 1544 1549 1587 pu-

165 1589 277 1632 blico
319 1591 497 1633 consilio
539 1594 682 1646 potest
722 1591 838 1647 fieri,
884 1591 930 1634 in
969 1606 1056 1648 quo
1101 1591 1214 1634 nihil
1251 1593 1319 1635 est
1354 1593 1447 1634 tam
1486 1590 1550 1634 in-

164 1650 341 1706 aequale
385 1666 512 1706 quam
558 1653 794 1707 aequalitas
840 1653 947 1708 ipsa.
1010 1651 1146 1709 Nam,
1184 1667 1285 1696 cum
1317 1652 1376 1696 sit
1405 1652 1551 1709 impar

165 1710 411 1766 prudentia,
448 1727 526 1767 par
564 1714 757 1756 omnium
795 1714 862 1756 ius
905 1716 980 1757 est.
1053 1712 1242 1770 Implevi
1281 1712 1548 1770 promissum
1575 1729 1611 1758 25

164 1771 405 1826 priorisque
455 1773 664 1828 epistulae
714 1774 844 1817 fidem
896 1775 1085 1831 exsolvi,
1136 1789 1268 1831 quam
1309 1789 1363 1818 ex
1404 1773 1548 1831 spatio

164 1833 372 1887 temporis
415 1833 499 1874 iam
541 1835 751 1890 recepisse
793 1838 836 1878 te
870 1836 1050 1893 colligo3
1092 1851 1195 1879 nam
1237 1837 1281 1879 et
1319 1834 1550 1879 festinanti

165 1894 208 1934 et
249 1891 447 1949 diligenti
478 1894 700 1937 tabellario
735 1895 851 1952 dedi3
892 1897 977 1939 nisi
1015 1897 1120 1952 quid
1159 1895 1465 1953 impedimenti
1502 1895 1551 1938 in

164 1952 235 1994 via
272 1967 424 2008 passus
463 1957 537 1996 est.
599 1955 716 1998 Tuae
754 1971 870 1999 nunc
902 1960 1066 2013 partes,
1105 1961 1156 2001 ut
1186 1958 1380 2015 primum
1413 1957 1551 2012 illam,

164 2012 317 2055 deinde
357 2013 468 2056 hanc
509 2017 791 2059 remunereris
832 2018 1010 2074 litteris,
1052 2020 1201 2075 quales
1239 2019 1371 2063 istinc
1409 2017 1549 2061 redire
1575 2034 1612 2061 so

164 2072 405 2116 uberrimae
438 2079 629 2129 possunt.
692 2077 812 2120 Vale.

262 2230 282 2262 3
315 2230 634 2266 AITOTPPION
657 2233 704 2277 F,
738 2237 1068 2272 ΛΙΠΟΤΡΤΙΟΝ
1103 2237 1218 2281 MV;
1249 2236 1297 2281 cf.
1325 2236 1378 2272 ad
1403 2239 1464 2280 11,
1486 2237 1549 2271 23·

167 2279 212 2311 16
248 2287 362 2321 quam
398 2277 483 2312 add.
518 2279 695 2325 &clem-d„
728 2283 778 2317 K.
799 2285 848 2318 11
878 2285 990 2330 (disp.
1011 2286 1039 2321 I
1062 2296 1100 2331 p.
1130 2287 1208 2330 16),
1244 2286 1376 2328 Merr„
1413 2283 1547 2321 Muell-

165 2327 209 2360 17
236 2324 444 2360 notandum
472 2327 562 2362 RF
567 2339 604 2372 p.
706 2334 748 2365 18
776 2333 814 2366 et
839 2337 926 2369 ante
953 2335 1129 2370 summot.
1156 2334 1244 2370 add.
1271 2334 1376 2371 codd.
1396 2335 1551 2380 praeter

164 2372 306 2416 RFa,
340 2374 444 2418 prob.
479 2375 542 2419 K,
574 2377 641 2411 del.
675 2379 815 2426 Stemyl.
965 2386 1007 2417 21
1043 2382 1110 2418 sed
1141 2383 1214 2418 hoc
1247 2393 1318 2419 om.
1350 2381 1445 2419 RF
1471 2381 1548 2427 for-

162 2425 260 2457 tasse
284 2426 388 2457 reete.
