1716 2742
165 101 257 146 344
785 97 823 135 C.
846 96 983 134 PLINI

164 213 405 259 exuberet?
449 212 626 271 Quippe
658 227 751 257 non
783 215 835 257 ut
868 228 923 257 ex
954 212 1131 259 hostico
1164 215 1320 271 raptae
1353 213 1596 272 periturae-

163 293 249 336 que
289 278 337 321 in
368 275 540 321 horreis
580 290 745 320 messes
783 275 1059 333 nequiquam
1099 275 1420 334 quiritantibus
1461 277 1595 322 sociis

111 353 134 385 4
161 341 435 384 auferuntur.
500 338 741 383 Devehunt
782 338 888 396 ipsi,
932 338 1053 396 quod
1095 342 1214 384 terra
1256 339 1430 399 genuit,
1474 339 1595 397 quod

160 403 282 447 sidus
316 401 448 460 aluit,
486 402 607 460 quod
647 417 789 447 annus
829 401 949 459 tulit,
987 417 1070 447 nec
1102 402 1232 447 novis
1272 402 1593 448 indictionibus

110 478 131 510 5
158 465 302 524 pressi
336 465 391 509 ad
424 467 576 509 vetera
607 465 778 509 tributa
818 464 1044 509 deficiunt.
1109 465 1234 510 Emit
1272 465 1428 524 fiscus,
1467 465 1593 524 quid·
1621 479 1638 507 5

161 528 268 586 quid
295 528 473 572 videtur
499 543 658 572 emere.
722 526 830 572 Inde
858 527 1034 586 copiae,
1069 527 1172 572 inde
1199 544 1391 586 annona,
1424 529 1478 573 de
1506 544 1595 586 qua

158 591 276 635 inter
317 591 527 636 licentem
570 591 927 649 vendentemque
971 591 1227 650 conveniat,
1269 591 1372 636 inde
1413 591 1488 636 hic
1527 607 1594 636 sa-

155 654 288 699 tietas
321 669 404 699 nec
435 654 577 698 fames
610 669 814 712 usquam.

81 714 142 763 30
251 716 489 776 Aegyptus
511 717 682 762 alendis
703 716 1009 776 augendisque
1037 717 1281 762 seminibus
1309 717 1374 761 ita
1399 717 1593 776 gloriata

157 782 236 838 est,
256 783 308 824 ut
327 780 443 824 nihil
462 780 682 824 imbribus
704 781 918 838 caeloque
940 779 1134 838 deberet,
1162 780 1384 838 siquidem
1405 779 1590 838 proprio
1620 795 1656 821 10

155 859 329 901 semper
368 859 498 887 amne
531 843 713 901 perfusa
744 858 829 888 nec
869 842 957 887 alio
998 858 1161 902 genere
1201 858 1419 901 aquarum
1459 842 1594 887 solita

153 906 466 965 pinguescere,
502 921 636 964 quam
659 921 769 964 quas
789 907 889 964 ipsa
910 906 1167 964 devexerat,
1199 906 1339 951 tantis
1366 905 1592 965 segetibus

152 968 436 1027 induebatur,
468 972 520 1013 ut
554 985 656 1014 cum
689 969 977 1014 feracissimis
1017 969 1148 1013 terris
1183 969 1312 1026 quasi
1342 983 1592 1026 numquam

101 1043 122 1075 2
152 1047 332 1077 cessura
353 1034 554 1077 certaret.
588 1031 714 1076 Haec
733 1032 920 1090 inopina
935 1032 1136 1077 siccitate
1156 1047 1299 1090 usque
1313 1031 1360 1075 in
1380 1031 1590 1076 iniuriam

152 1095 401 1140 sterilitatis
423 1095 611 1153 exaruit,
632 1096 738 1153 quia
757 1095 887 1154 piger
906 1094 1041 1140 Nilus
1063 1097 1326 1139 cunctanter
1346 1094 1474 1139 alveo
1497 1109 1591 1139 sese
1619 1108 1654 1136 15

150 1173 202 1202 ac
226 1158 439 1217 languide
461 1158 680 1202 extulerat
700 1158 959 1218 ingentibus
980 1158 1057 1202 ille
1079 1158 1260 1216 quidem
1280 1160 1390 1202 tunc
1410 1172 1591 1215 quoque

100 1232 121 1265 3
150 1221 432 1280 fluminibus,
476 1221 739 1266 fluminibus
773 1224 927 1266 tamen
959 1221 1269 1265 conferendus.
1334 1219 1455 1264 Hinc
1486 1235 1589 1278 pars

150 1299 314 1343 magna
347 1286 567 1329 terrarum
602 1284 746 1343 mergi
779 1284 1066 1342 repararique
1093 1299 1223 1328 amne
1251 1285 1466 1328 consueta
1496 1283 1589 1328 alto

148 1347 333 1405 pulvere
347 1347 592 1405 incanduit,
604 1347 859 1405 frustraque
873 1350 983 1392 tunc
994 1345 1231 1406 Aegyptus
1245 1347 1404 1391 nubila
1414 1346 1591 1404 optavit

149 1411 413 1468 caelumque
446 1410 664 1468 respexit,
698 1425 800 1455 cum
833 1411 930 1468 ipse
964 1409 1255 1455 fecunditatis
1289 1424 1450 1468 parens
1485 1423 1590 1453 con-
1616 1422 1654 1450 2⁰

147 1473 336 1518 tractior
369 1476 414 1518 et
448 1473 608 1518 exilior
641 1473 784 1517 isdem
817 1474 1070 1518 ubertatem
1105 1472 1198 1517 eius
1227 1473 1332 1517 anni
1367 1471 1588 1532 angustiis

97 1548 120 1581 4
149 1536 311 1594 quibus
359 1536 683 1581 abundantiam
730 1550 857 1580 suam
907 1536 1196 1580 cohibuisset.
1261 1534 1422 1593 Neque
1469 1535 1588 1579 enim

147 1599 295 1644 solum
329 1614 470 1659 vagus
504 1599 601 1657 ille,
634 1614 736 1643 cum
764 1599 1051 1657 expanditur,
1085 1598 1230 1643 amnis
1258 1599 1377 1643 intra
1402 1613 1588 1656 usurpa-

148 1665 195 1707 ta
228 1677 405 1720 semper
439 1663 624 1707 collium
658 1661 776 1707 valla
805 1662 1068 1707 substiterat
1094 1664 1231 1719 atque
1257 1661 1474 1718 haeserat,
1509 1660 1587 1706 sed

149 1725 312 1784 supino
347 1726 482 1770 etiam
517 1741 568 1770 ac
596 1725 815 1769 detinenti
843 1726 940 1770 solo
968 1740 1061 1770 non
1088 1724 1267 1782 placido
1295 1739 1342 1769 se
1369 1724 1586 1781 mollique
1613 1737 1649 1765 25

148 1789 278 1846 lapsu
311 1788 521 1848 refugum
557 1788 806 1833 abstulerat
838 1788 1030 1833 necdum
1066 1787 1172 1833 satis
1207 1789 1412 1832 umentes
1445 1789 1585 1832 terras

254 1943 276 1975 6
303 1937 462 1975 iubetur
489 1948 617 1974 emere
638 1938 784 1982 Livia,
810 1936 967 1974 videtur
994 1937 1031 1973 ei
1058 1948 1078 1973 e
1105 1947 1147 1973 re
1172 1936 1193 1974 ἓ
1220 1937 1376 1982 Βαεῆν.,
1403 1935 1586 1972 venditur

150 1988 298 2036 Stanyl.
405 1992 450 2025 14
478 1988 526 2024 ad
555 1988 671 2024 iniur.
693 1999 740 2025 ex
765 1988 848 2025 suis
874 1988 934 2024 Ac
961 1988 1013 2025 K.
1120 1991 1164 2023 17
1193 1985 1422 2023 fluminibus
1448 1987 1584 2023 tamen

147 2050 218 2076 om.
239 2038 296 2075 B'
310 2039 352 2084 Ο,
387 2050 505 2086 quare
531 2039 696 2076 alterum
728 2037 956 2074 fluminibus
991 2038 1110 2075 deleri
1135 2038 1240 2075 iubet
1265 2036 1408 2083 δαεῖεν,
1441 2037 1508 2074 sed
1533 2038 1582 2081 οἷ’.

138 2100 180 2136 p.
204 2091 290 2135 340,
314 2092 349 2126 8.
474 2092 520 2125 19
548 2089 696 2125 frustra
722 2088 837 2136 vuly„
865 2088 1092 2135 frustraque
1120 2088 1171 2134 A,
1200 2088 1423 2135 Bornecque
1442 2099 1485 2135 p.
1506 2089 1583 2124 215

143 2143 177 2176 et
201 2142 287 2177 233.
419 2143 464 2176 21
495 2139 588 2175 anni
614 2139 728 2186 vuly„
755 2151 825 2176 om.
849 2139 1005 2184 Baehr.,
1033 2137 1229 2175 ubertatis
1258 2137 1342 2175 eius
1370 2148 1459 2185 ang.
1482 2137 1581 2175 mell.

143 2190 249 2227 codd.
405 2189 478 2226 23*
508 2189 755 2237 expandatur
782 2201 800 2226 e
826 2190 907 2226 suis
940 2189 1047 2226 codd.
1076 2189 1234 2234 Baehr„
1269 2189 1435 2226 correxit
1459 2199 1504 2225 w.
1531 2208 1582 2215 —

141 2239 840 2328 &Ziiffaoissdiffiiiz(sgffip‘lssissmss2⁰
862 2239 1120 2336 ΞΙΚῇξξῑέἑ)
1143 2238 1303 2325 ῖέἒέῗέ
1324 2238 1444 2326 θὲζῗέἕ
1464 2237 1581 2325 ἷῖἕῖῗῆῑ

142 2352 263 2387 supra
289 2353 345 2388 ep.
369 2340 477 2379 VIII
495 2344 554 2386 17,
582 2341 775 2387 usurpata
795 2351 951 2387 semper
976 2339 1139 2376 vallium
1160 2340 1317 2385 Baehr„
1343 2339 1578 2386 usurpatam

144 2390 330 2440 [semper]
362 2402 521 2438 saepem
552 2390 713 2428 collium
749 2390 884 2427 Madv.
901 2391 1012 2436 prob.
1038 2390 1172 2427 Muell.
1302 2393 1348 2426 25
1380 2388 1578 2426 detinenti

141 2441 255 2488 vulg„
290 2441 475 2478 clementi
509 2441 562 2478 K.
578 2442 613 2487 I,
646 2452 724 2477 non
760 2440 955 2477 detinenti
988 2439 1070 2477 solo
1107 2439 1210 2487 plac.
1239 2439 1395 2485 Baehr„
1433 2438 1577 2476 declivi

142 2491 281 2528 Muelz.
384 2495 431 2528 26
460 2491 621 2539 refugus
648 2491 793 2529 Baehr.
