1630 2678
0 0 262 155 Γ,

0 162 11 226 ἱ
492 141 848 180 EPISTULARUM
872 142 924 180 VI
953 147 1108 180 18—16
1411 142 1500 188 155

0 284 7 294 ›
100 255 223 328 ‘Ego
245 270 352 300 vero
375 270 469 300 non
486 255 629 299 iubeo.
632 255 646 274 '
693 253 870 314 Cogita,
896 255 973 312 qui
997 255 1112 298 risus
1138 255 1388 311 hominum,
1421 255 1499 312 qui

100 317 200 364 ioci.
262 316 348 362 Est
390 317 571 361 omnino
616 315 793 361 Priscus
838 316 997 360 dubiae
1042 316 1263 373 sanitatis,
1315 316 1500 360 interest
1525 326 1548 360 3

99 380 251 424 tumen
280 378 461 434 officiis,
498 377 733 422 adhibetur
770 378 966 421 consiliis
998 380 1131 435 atque
1168 377 1302 423 etiam
1339 378 1409 421 ius
1441 378 1500 422 ci-

0 451 10 487 ,ζ
98 440 189 485 vile
217 439 398 498 publice
422 439 677 496 respondet:
709 453 797 496 quo
824 439 985 497 magis,
1017 439 1136 496 quod
1162 442 1268 483 tunc
1298 438 1424 495 fecit,
1455 441 1501 483 et

55 520 76 549 ε
98 501 335 547 ridiculum
369 503 414 545 et
443 500 639 544 notabile
669 500 767 544 fuit.
830 499 1012 544 Interim
1046 499 1185 543 Paulo
1218 500 1362 544 aliena
1393 499 1495 543 deli-
1525 510 1549 543 4

0 571 2 573 ’
98 562 215 608 ratio
257 563 534 620 aliquantum
571 561 751 620 frigoris
789 561 949 605 attulit.
1013 561 1123 604 Tam
1162 562 1351 605 sollicite
1394 561 1501 605 reci-

98 623 258 669 taturis
288 623 610 682 providendum
641 625 727 679 est,
763 638 855 666 non
887 624 1030 666 solum
1070 626 1122 666 ut
1154 623 1244 666 sint
1274 622 1360 680 ipsi
1392 623 1501 679 sani,

99 699 253 730 verum
285 685 417 729 etiam
444 687 495 728 ut
526 699 655 728 sanos
688 683 935 727 adhibeant
999 683 1121 727 Vale.

125 825 519 907 &wasnaum
747 810 855 850 XVI·
967 825 1038 862 a
1043 829 1083 859 a
1100 819 1239 886 qm,
1266 831 1314 867 rt.
1335 829 1431 870 xm„

469 897 514 932 C.
533 897 734 931 PLINIUS
762 897 946 932 TACITO
975 898 1070 931 SUO
1099 897 1136 931 S.

0 912 104 1118 θ’
188 978 328 1036 Potin,
358 981 411 1023 ut
452 978 535 1022 tibi
579 978 787 1022 avunculi
824 978 911 1022 mei
950 979 1116 1022 exitum
1160 978 1367 1034 scribam,
1412 992 1500 1034 quo
1529 987 1548 1020 1

0 1028 38 1081 ⁹7.
100 1040 247 1085 verius
277 1039 450 1084 tradere
481 1039 670 1097 posteris
701 1040 858 1096 possis.
904 1037 1077 1083 Gratias
1109 1054 1212 1098 ago3
1244 1055 1347 1083 nam
1372 1039 1501 1082 video

0 1078 237 1146 ''⁶“‘morti
276 1102 390 1158 eius,
446 1101 484 1144 si
522 1101 766 1145 celebretur
808 1117 834 1144 a
871 1103 934 1156 te,
983 1101 1289 1144 inmortalem
1313 1100 1501 1159 gloriam

101 1177 197 1207 ense
226 1162 513 1220 propositam.
577 1161 788 1214 Quamvis
815 1163 932 1206 enim
958 1162 1354 1219 pulcherrimarum
1380 1161 1502 1205 clade
1527 1172 1550 1205 2

41 1243 78 1272 ιε
100 1229 336 1276 terrarum,
381 1227 426 1267 et
461 1224 618 1280 populi
656 1226 700 1267 et
737 1223 859 1267 urbis
898 1224 1174 1267 memorabili
1214 1238 1336 1279 casu,
1376 1223 1502 1279 quasi

101 1300 275 1343 semper
303 1285 502 1329 victurus
527 1284 755 1339 occiderit,
789 1285 990 1341 quamvis
1023 1286 1118 1341 ipse
1144 1285 1337 1341 plurima
1369 1299 1503 1340 opera

101 1349 148 1391 et
189 1361 397 1391 mansura
447 1345 713 1402 condiderit,
770 1346 961 1389 multum
1014 1349 1162 1389 tamen
1213 1345 1502 1402 perpetuitati

101 1409 197 1453 eius
246 1408 511 1464 scriptorum
562 1411 741 1450 tuorum
790 1408 1024 1450 aeternitas
1077 1406 1218 1450 addet.
1281 1406 1501 1462 Equidem
1528 1415 1550 1449 8

101 1469 256 1513 beatos
299 1471 429 1525 puto,
473 1468 634 1525 quibus
678 1468 860 1511 deorum
899 1483 1078 1511 munere
1119 1467 1271 1511 datum
1315 1471 1382 1511 est
1425 1470 1503 1511 aut

40 1547 79 1577 so
101 1529 246 1575 facere
271 1529 502 1574 scribenda
526 1535 603 1573 aut
630 1530 820 1572 scribere
846 1529 1048 1587 legenda,
1082 1529 1359 1572 beatissimos
1384 1543 1501 1584 vero,

102 1590 264 1649 quibus
294 1594 543 1647 utrumque.
602 1590 775 1634 Horum
806 1591 855 1633 in
884 1605 1069 1633 numero
1102 1590 1345 1634 avunculus
1378 1605 1501 1634 meus

101 1655 147 1697 et
176 1652 268 1697 suis
298 1652 424 1696 libris
457 1655 500 1695 et
531 1652 621 1695 tuis
653 1652 748 1694 erit.
812 1650 910 1703 Quo
942 1651 1152 1695 libentius
1185 1652 1398 1708 suscipio,
1430 1651 1501 1695 de-

100 1728 238 1772 posco
269 1713 400 1757 etiam
413 1746 426 1769 ,
457 1712 576 1769 quod
608 1712 814 1770 iniungis.

187 1773 299 1819 Erat
329 1773 489 1817 Miseni
528 1774 800 1829 classemque
842 1773 1027 1830 imperio
1066 1788 1272 1830 praesens
1309 1774 1500 1831 regebat.
1527 1784 1550 1815 4

41 1855 81 1884 ,a
104 1834 286 1880 Nonum
320 1834 417 1878 Kal.
439 1834 718 1891 Septembres
751 1833 862 1877 hora
891 1834 983 1878 fere
1015 1834 1204 1891 septima
1235 1837 1375 1878 mater
1406 1850 1503 1878 mea

103 1896 270 1941 indicat
312 1896 352 1939 ei
396 1910 606 1952 apparere
650 1895 810 1938 nubem
856 1895 1066 1939 inusitata
1109 1899 1153 1939 et
1199 1895 1502 1954 magnitudine

103 1960 149 2002 et
166 1957 322 2015 specie.
376 1955 494 2000 Usus
515 1956 590 1999 ine
610 1956 723 2012 sole,
751 1971 855 2000 mox
874 1956 1053 2015 frigida,
1083 1960 1336 2015 gustaverat
1356 1957 1502 2000 iacens
1528 1967 1550 1999 5

103 2018 415 2074 studebatque3
471 2017 615 2074 poscit
659 2018 818 2072 soleas,
869 2017 1066 2061 ascendit
1103 2018 1268 2072 locum,
1321 2033 1374 2061 ex
1416 2031 1501 2074 quo

103 2080 294 2124 maxime
326 2078 584 2122 miraculum
619 2078 727 2122 illud
759 2079 956 2135 conspici
987 2082 1170 2135 poterat.
1234 2077 1406 2134 Nubes,
1438 2078 1502 2122 in·

203 2223 275 2262 1⁶·
299 2226 343 2260 ut
368 2235 458 2270 pop.
484 2224 528 2258 ut
553 2221 667 2259 urbes
693 2223 811 2267 codd,
845 2223 925 2260 edd.
952 2225 1047 2260 miro
1072 2235 1265 2267 consensu,
1297 2225 1342 2259 ut
1366 2222 1503 2270 populi

103 2274 150 2311 ut
171 2271 280 2310 urbi·
306 2273 481 2316 Gasani),
510 2273 550 2307 et
574 2271 709 2318 populi
735 2273 775 2308 et
799 2271 905 2308 urbis
933 2284 1018 2319 e90;
1043 2274 1082 2308 et
1109 2273 1179 2318 (vel
1205 2275 1266 2318 ac)
1292 2277 1327 2308 et
1352 2273 1396 2308 ut
1420 2283 1503 2309 sae-

100 2322 255 2370 pino-'m
272 2321 560 2367 confunduntur
579 2333 604 2357 α
623 2320 794 2358 librariis
810 2322 927 2358 veluti
947 2333 987 2367 p.
1010 2324 1070 2365 14,
1090 2323 1160 2366 24;
1185 2324 1242 2366 19,
1267 2324 1335 2365 14‚·
1352 2323 1414 2365 26,
1436 2324 1504 2366 17;

105 2369 1504 2416 36‚16,163,17;186,5edit.Ke0·1.mai.‚uerneeetis.m·de

107 2419 241 2457 Mun.
255 2419 341 2457 edit.
363 2420 464 2465 adp
435 2430 474 2465 p.
493 2422 550 2462 17,
563 2421 634 2462 28,
652 2420 797 2462 34,26,·
816 2421 876 2462 44,
893 2422 963 2463 25,·
983 2422 1127 2462 118,18
1145 2419 1196 2455 al.
1297 2422 1343 2454 2⁶
1371 2418 1500 2455 imisit.

107 2467 265 2515 Dpra,
291 2469 356 2513 K.,
385 2468 480 2512 Otto,
510 2468 640 2512 Men„
665 2467 807 2504 invisit.
835 2468 894 2512 M,
922 2468 1055 2505 Muell
