1716 2742
0 0 1716 23 W—

477 163 841 202 EPISTULARUM
869 163 959 200 VIII
988 169 1082 201 12——
1089 169 1145 201 14.
1435 165 1525 211 217

91 281 274 326 auribus
317 280 473 338 modo,
514 295 671 324 verum
714 279 849 323 etiam
893 280 1035 324 oculis
1080 280 1370 335 disceremus,
1414 296 1528 337 quae

91 343 297 389 facienda
338 358 445 387 mox
476 343 566 401 ipsi
598 357 650 387 ac
682 357 763 400 per
794 342 914 386 vices
949 342 1165 399 quasdam
1197 342 1415 387 tradenda
1447 343 1528 385 mi-

91 406 278 451 noribus
310 406 589 450 haberemus
653 403 762 449 Inde
796 404 1122 449 adulescentuli
1155 406 1307 449 statim
1336 407 1528 449 castren-
1556 416 1578 449 5

93 469 218 514 sibus
265 468 501 526 stipendiis
553 467 888 524 imbuebantur,
940 471 992 511 ut
1044 468 1264 525 imperare
1315 468 1530 526 parendo,

45 542 63 571 ⁵
95 531 230 577 duces
263 546 414 591 agere,
447 531 555 575 dum
589 532 818 587 secuntur,
845 530 1178 588 adsuescerent3
1204 530 1308 575 inde
1333 531 1527 575 honores

90 593 279 652 petituri
323 593 599 639 adsistebant
641 593 790 638 curiae
835 592 1008 637 foribus
1052 596 1097 637 et
1138 593 1316 638 consilii
1358 594 1529 651 publici

93 659 368 716 spectatores
408 659 512 701 ante
551 671 686 714 quam
727 658 957 700 consortes
998 658 1135 699 erant.
1209 654 1326 700 Suus
1367 656 1529 714 cuique
1557 666 1580 699 6

93 735 255 778 parens
294 734 377 777 pro
417 719 635 778 magistro
676 721 772 773 aut,
813 719 885 762 cui
917 734 1079 776 parens
1118 734 1212 762 non
1245 721 1358 776 erat,
1391 719 1530 763 maxi-

93 798 194 827 mus
235 783 426 840 quisque
465 785 511 826 et
541 781 874 826 vetustissimus
916 796 999 839 pro
1032 784 1229 839 parente.
1296 780 1419 834 Quae
1451 797 1530 839 po-

31 855 69 884 1⁰
93 847 233 891 testas
283 844 600 902 referentibus,
654 843 775 901 quod
822 844 1107 889 censentibus
1154 845 1244 901 ius,
1296 860 1409 901 quae
1462 844 1529 887 vis

95 908 452 967 magistratibus,
481 922 594 965 quae
628 907 787 951 ceteris
819 907 1021 964 libertas,
1049 907 1128 951 ubi
1161 907 1425 964 cedendum,
1452 907 1531 951 ubi

92 970 412 1028 resistendum,
444 970 565 1027 quod
598 969 760 1014 silendi
792 971 991 1028 tempus,
1025 970 1125 1027 quis
1153 970 1330 1014 dicendi
1358 969 1532 1026 modus,

94 1049 210 1092 quae
251 1033 482 1078 distinctio
531 1033 833 1092 pugnantium
880 1033 1221 1086 sententiarum,
1269 1048 1382 1090 quae
1431 1047 1531 1076 exe-

93 1096 216 1141 cutio
268 1095 493 1154 prioribus
545 1094 717 1152 aliquid
769 1095 1047 1152 addentium,
1101 1110 1280 1139 omnem
1338 1095 1531 1152 denique

31 1168 67 1197 1⁵
94 1158 371 1204 senatorium
391 1174 576 1215 morem,
604 1158 726 1215 quod
752 1157 1022 1202 fidissimum
1048 1159 1354 1216 praecipiendi
1374 1173 1530 1217 genus»,

93 1222 313 1280 exemplis
352 1221 641 1266 docebantur.
705 1219 768 1264 At
806 1235 890 1265 nos
929 1221 1112 1265 iuvenes
1145 1220 1314 1265 fuimus
1349 1221 1531 1279 quidem
1560 1231 1580 1264 ‘1

93 1285 142 1329 in
180 1284 358 1342 castris,
398 1284 476 1328 sed
515 1299 618 1328 cum
652 1286 861 1341 suspecta
893 1284 1055 1341 virtus,
1098 1284 1260 1328 inertia
1292 1284 1340 1327 in
1372 1284 1531 1341 pretio,

94 1363 199 1392 cum
225 1347 416 1392 ducibus
437 1347 682 1391 auctoritas
702 1346 840 1403 nulla,
861 1347 988 1390 nulla
1007 1347 1229 1390 militibus
1251 1346 1531 1402 verecundia,

94 1425 319 1468 nusquam
345 1409 601 1468 imperium,
625 1424 850 1479 nusquam
878 1409 1157 1466 obsequium,
1186 1410 1338 1453 omnia
1371 1409 1532 1466 soluta,

32 1489 71 1517 no
95 1472 278 1517 turbata
328 1475 464 1530 atque
509 1472 646 1516 etiam
692 1472 740 1515 in
786 1472 1062 1516 contrarium
1107 1487 1253 1528 versa,
1300 1474 1530 1529 postremo

96 1535 403 1580 obliviscenda
434 1535 579 1606 magis
614 1549 749 1592 quam
783 1534 988 1579 tenenda
1039 1533 1180 1578 Iidem
1214 1534 1530 1592 prospeximus
1558 1545 1580 1578 8

95 1597 286 1656 curiam,
318 1598 397 1642 sed
429 1598 600 1643 curiam
633 1597 857 1655 trepidam
890 1600 936 1641 et
968 1597 1212 1656 elinguem,
1242 1612 1346 1641 cum
1372 1597 1530 1654 dicere,

96 1660 219 1719 quod
250 1661 410 1718 velles,
442 1661 768 1718 periculosum,
802 1659 923 1717 quod
955 1660 1118 1717 nolles,
1152 1660 1367 1704 miserum
1402 1662 1531 1704 esset.
1601 1658 1603 1660 ’

96 1722 215 1778 Quid
252 1725 363 1768 tunc
401 1723 514 1768 disci
552 1723 721 1781 potuit,
762 1723 871 1780 quid
910 1722 1118 1767 didicisse
1157 1722 1291 1779 iuvit,
1330 1738 1433 1767 cum
1467 1738 1531 1766 se-

31 1802 69 1831 15
94 1788 228 1832 natus
267 1789 347 1831 aut
385 1786 442 1830 ad
480 1786 625 1830 otium
664 1800 891 1829 summum
930 1787 1009 1829 aut
1047 1784 1103 1829 ad
1135 1800 1363 1829 summum
1404 1785 1531 1829 nefas

95 1851 334 1894 vocaretur
384 1851 430 1892 et
481 1848 616 1893 modo
669 1847 884 1904 ludibrio,
944 1847 1079 1892 modo
1132 1848 1279 1892 dolori
1329 1851 1530 1892 retentus

95 1926 345 1969 numquam
384 1910 517 1968 seria,
555 1910 704 1954 tristia
743 1925 874 1968 saepe
913 1910 1143 1954 censeret?
1207 1910 1380 1955 Eadem
1413 1911 1532 1956 mala
1560 1922 1582 1955 9

97 1975 187 2018 iam
220 1976 468 2030 senatores,
499 1973 589 2017 iam
622 1973 865 2031 participes
899 1974 1121 2018 malorum
1154 1974 1322 2018 multos
1349 1989 1431 2031 per
1457 1989 1531 2017 an-

95 2052 180 2082 nos
231 2036 428 2080 vidimus
480 2036 778 2093 tulimusque3
830 2035 993 2093 quibus
1046 2036 1228 2095 ingenia
1278 2039 1434 2080 nostra
1484 2036 1533 2079 in

33 2116 71 2144 ιο
96 2102 329 2158 posterum
356 2114 536 2156 quoque
562 2098 782 2155 hebetata,
809 2098 964 2156 fiacta,
991 2101 1181 2143 contusa
1208 2101 1324 2143 sunt.
1390 2098 1532 2142 Breve
1562 2110 1608 2143 10

97 2165 277 2220 tempus
312 2160 437 2220 (nam
470 2163 598 2205 tanto
628 2161 808 2205 brevius
843 2176 976 2205 omne
1010 2164 1179 2219 quanto
1212 2161 1388 2206 felicius
1421 2163 1532 2205 tem-

97 2224 224 2283 pus),
257 2239 346 2283 quo
379 2224 492 2268 libet
524 2223 657 2281 scire,
691 2223 799 2280 quid
832 2223 991 2282 simus,
1022 2224 1134 2268 libet
1167 2238 1384 2281 exercere,
1411 2223 1533 2281 quod

99 2288 276 2333 scimus.
343 2286 442 2340 Quo
482 2285 644 2330 iustius
683 2288 809 2343 peto,
842 2258 1040 2344 primtim
1073 2289 1126 2330 ut
1167 2286 1326 2343 errori,
1359 2286 1398 2330 si
1431 2286 1532 2343 quis

98 2353 167 2395 est
199 2365 343 2407 error,
373 2349 546 2393 tribuas
574 2348 770 2406 veniam,
798 2349 957 2394 deinde
983 2349 1201 2393 medearis
1230 2349 1416 2393 scientia
1441 2352 1535 2406 tua,

195 2451 216 2485 8
228 2447 429 2496 proximus
441 2458 512 2495 pro
523 2446 719 2483 maximus
731 2447 958 2484 Mommsen.
1041 2450 1086 2483 15
1101 2446 1375 2483 fidelissimum
1386 2459 1423 2492 a,
1437 2447 1487 2483 K.
1498 2448 1533 2487 Ι,

101 2512 132 2536 v.
155 2499 208 2536 K.
236 2498 336 2545 disp.
354 2499 406 2535 ΙΙ
423 2501 481 2535 17.
511 2519 558 2524 -
586 2497 833 2544 percipiendi
860 2498 956 2534 Ma.
1061 2500 1108 2533 33
1137 2497 1280 2534 scimus
1308 2497 1531 2543 Reiffersch.

102 2549 209 2587 Mus.
231 2549 355 2586 Rhea.
379 2548 466 2585 XV
487 2550 573 2592 636,
596 2548 647 2584 K.
664 2548 724 2592 ΙΙ,
753 2547 904 2593 Μαεῐῐ.,
933 2559 1065 2583 sumus
1085 2547 1185 2595 vuly.
1206 2568 1257 2575 —
1277 2547 1418 2585 erroris
1439 2559 1474 2584 a.
