1656 2684
543 126 901 164 EPISTULARUM
926 125 944 162 1
970 129 1078 163 5-7.
1483 126 1508 170 7

17 241 27 254 “
107 256 287 300 vacuae,
311 241 464 300 plenas
490 243 640 285 tamen
664 254 784 284 ceras
811 242 1095 308 reportarem.
1150 236 1256 281 Non
1281 239 1366 293 est,
1394 237 1512 306 quod
1540 253 1562 286 2

109 305 367 349 contemnas
396 302 485 347 hoc
516 301 723 346 studendi
754 315 912 370 genus3
944 301 1106 344 mirum
1138 301 1223 354 est,
1256 301 1308 341 ut
1340 299 1512 342 animus

108 364 352 424 agitatione
401 367 614 432 motuque
659 363 857 420 corporis
901 362 1135 416 excitetur3
1185 360 1273 403 iam
1318 359 1513 416 undique

109 427 246 472 silvae
285 428 332 470 et
369 424 563 469 solitudo
595 425 829 482 ipsumque
862 423 973 467 illud
1005 421 1248 476 silentium,
1292 421 1411 478 quod
1443 436 1513 464 ve·

67 501 85 530 s
108 487 281 532 nationi
331 486 480 543 datur,
529 501 690 544 magna
739 485 1023 543 cogitationis
1068 455 1354 527 incitanienta
1398 485 1512 525 sunt.

110 548 319 605 Proinde,
346 563 447 592 cum
473 547 705 603 venabere,
731 547 883 591 licebit
909 549 1087 589 auctore
1113 560 1183 588 me
1209 546 1260 587 ut
1281 543 1513 613 panarium
1541 560 1562 592 3

109 613 156 655 et
196 610 481 668 lagunculam
525 609 590 653 sic
633 608 766 652 etiam
811 607 1052 666 pugillares
1097 607 1230 649 feras:
1276 605 1512 662 experieris

109 686 202 716 non
226 670 416 716 Dianam
447 670 589 729 magis
621 669 846 713 montibus
881 683 1013 726 quam
1039 667 1283 711 Minervam
1309 667 1513 710 inerrare.

110 732 233 778 Vale.

53 808 89 836 ιο
763 795 856 834 VII.

379 871 423 906 C.
442 871 646 905 PLINIUS
672 870 892 905 OCTAVIO
918 869 1053 904 RUFO
1082 869 1177 903 SUO
1206 869 1244 902 S.

190 940 322 998 Vide,
354 941 402 984 in
433 954 521 997 quo
550 955 620 983 me
645 939 825 998 fastigio
853 937 1103 994 collocaris,
1135 952 1236 981 cum
1262 937 1372 980 mihi
1398 935 1514 980 idem
1543 953 1563 986 1

109 1000 588 1122 fflmfflmgggue
628 1001 756 1059 regni
797 1000 966 1044 dederis
1010 999 1129 1056 quod
1160 998 1381 1042 Homerus
1420 997 1517 1042 Iovi

51 1150 88 1179 ιε
197 1144 268 1196 τῷ
300 1133 344 1180 δ’
383 1135 571 1193 ἕτερον
602 1135 699 1191 μὲν
731 1133 898 1179 ἔδωκε
930 1137 1128 1191 πατήρ,
1161 1133 1350 1190 ἕτερον
1382 1130 1424 1176 δ’

659 1195 968 1241 ἄνένευσεν.

110 1269 230 1316 Nam
274 1285 358 1330 ego
405 1286 582 1328 quoque
627 1270 762 1314 simili
806 1273 919 1314 nutu
964 1284 1015 1313 ac
1052 1271 1212 1313 renutu
1251 1268 1516 1325 respondere
1542 1283 1565 1315 2

111 1335 218 1378 voto
250 1334 330 1376 tuo
355 1347 550 1391 possum.
606 1331 804 1387 Etenim,
838 1331 953 1375 sicut
978 1331 1044 1374 fas
1071 1334 1138 1374 est
1164 1330 1293 1386 mihi,
1325 1345 1517 1386 praeser-

111 1393 194 1438 tim
212 1396 258 1438 te
277 1393 500 1452 exigente,
518 1408 725 1437 excusare
745 1393 937 1436 Baeticis
959 1395 1113 1436 contra
1131 1407 1271 1435 unum
1291 1391 1516 1434 hominem

52 1470 89 1497 no
113 1454 469 1511 advocationem,
514 1455 577 1498 ita
619 1470 701 1498 nec
745 1454 849 1498 fidei
893 1458 1071 1497 nostrae
1110 1467 1190 1496 nec
1230 1452 1518 1508 constantiae,

113 1531 245 1574 quam
271 1516 440 1575 diligis,
471 1516 677 1560 convenit
702 1516 853 1559 adesse
880 1518 1034 1558 contra
1059 1514 1352 1571 provinciam,
1384 1529 1516 1571 quam

111 1580 183 1622 tot
212 1578 393 1634 officiis,
422 1581 494 1622 tot
523 1578 769 1633 laboribus,
800 1579 869 1620 tot
901 1577 1033 1619 etiam
1066 1575 1273 1632 periculis
1306 1576 1415 1618 meis
1442 1575 1518 1618 ali-

113 1639 289 1697 quando
319 1639 602 1683 devinxerim.
660 1638 837 1682 Tenebo
864 1652 970 1695 ergo
996 1637 1082 1681 hoc
1107 1639 1517 1694 temperamentum,
1544 1651 1565 1683 3

112 1703 164 1744 ut
195 1716 250 1745 ex
281 1700 472 1756 duobus,
504 1715 692 1756 quorum
726 1700 986 1742 alterutrum
1014 1698 1147 1756 petis,
1180 1699 1341 1756 eligam
1369 1698 1414 1741 id
1440 1713 1518 1755 po-

52 1776 89 1805 2⁵
113 1762 223 1818 tius,
247 1762 294 1805 in
320 1776 408 1819 quo
434 1776 526 1805 non
552 1762 696 1804 solum
724 1760 871 1804 studio
898 1762 995 1815 tuo,
1021 1775 1174 1803 verum
1200 1761 1334 1803 etiam
1354 1759 1517 1803 iudicio

114 1822 395 1867 satisfaciam.
444 1821 601 1878 Neque
628 1822 745 1865 enim
770 1824 999 1878 tantopere
1020 1821 1129 1864 mihi
1150 1820 1517 1865 considerandum

114 1886 200 1939 est,
239 1883 346 1940 quid
384 1883 453 1926 vir
491 1883 685 1940 optimus
719 1883 764 1926 in
797 1883 1045 1940 praesentia
1076 1883 1207 1938 velis,
1246 1897 1378 1939 quam
1412 1882 1517 1938 quid

115 1959 288 2002 semper
329 1944 388 1988 sis
419 1944 695 2001 probaturus.
759 1944 830 1988 Me
863 1945 979 1988 circa
1011 1943 1114 1987 Idus
1148 1942 1353 1987 Octobris
1387 1958 1515 2000 spero
1544 1957 1567 1989 4

115 2005 283 2050 Romae
314 2006 511 2049 futurum
539 2006 776 2063 eademque
803 2006 909 2049 haec
936 2008 1210 2062 praesentem
1239 2019 1415 2061 quoque
1441 2007 1519 2047 tua

53 2081 90 2108 ω
114 2081 299 2124 meaque
325 2066 412 2110 fide
439 2065 568 2111 Gallo
595 2067 978 2123 confirmaturum3
1011 2067 1082 2110 cui
1108 2069 1258 2110 tamen
1286 2067 1371 2109 iam
1399 2080 1518 2109 nunc

114 2128 221 2173 licet
260 2128 477 2186 spondeas
520 2128 573 2172 de
615 2129 762 2172 animo
797 2143 895 2172 meo
927 2125 955 2185 ἦ
989 2128 1077 2172 καὶ
1109 2127 1408 2188 κυανέῃσιν
1441 2125 1515 2170 ἐπ’

116 2189 320 2260 ὀῌφρύσι
361 2196 534 2233 νεῦσε.
599 2188 688 2233 Cur
728 2190 843 2233 enim
884 2205 974 2233 non
1007 2204 1322 2246 usquequaque
1356 2188 1519 2232 Home-
1546 2201 1568 2233 5

114 2251 218 2295 ricis
250 2251 450 2295 versibus
483 2265 610 2308 agam
643 2251 818 2295 tecum?
851 2255 1068 2308 quatenus
1100 2253 1151 2293 tu
1177 2265 1247 2293 me
1273 2250 1361 2293 tuis
1388 2264 1518 2307 agere

115 2326 206 2356 non
237 2312 422 2370 pateris,
453 2327 641 2369 quorum
674 2315 798 2356 tanta
830 2312 1070 2369 cupiditate
1103 2311 1254 2367 ardeo,
1286 2314 1336 2354 ut
1369 2311 1518 2354 videar

214 2448 259 2481 15
287 2445 400 2483 Hom.
421 2447 462 2482 H
479 2448 565 2483 250.
642 2449 688 2481 30
708 2456 810 2481 nunc
831 2445 908 2481 iam
925 2445 961 2481 R
975 2444 1050 2491 Ep
1064 2457 1099 2480 a.
1181 2447 1225 2479 31
1252 2444 1361 2480 Hom.
1378 2444 1413 2480 A
1429 2445 1511 2481 528.
