1630 2678
0 0 21 211 ἱ
530 140 887 179 EPISTULARUM
911 140 947 177 V
974 143 1131 177 17—19.
1446 141 1531 186 141

4 210 22 321 ς’
131 258 236 302 ants
259 269 394 314 quam
419 254 702 300 felicissimus
733 254 870 298 fieret.
933 252 1033 312 Ego
1066 253 1112 296 in
1138 252 1293 297 Tuscis
1320 255 1366 296 et
1396 266 1534 296 venor
1559 263 1581 296 2

132 320 180 362 et
207 316 385 373 studeo,
420 331 533 373 quae
563 315 785 360 interdum
818 315 1020 371 alternis,
1051 314 1273 358 interdum
1306 314 1440 358 simul
1471 313 1534 357 fa-

131 378 223 436 cio,
257 392 341 423 nec
371 380 521 422 tamen
557 377 703 422 adhuc
733 391 916 434 possum
949 377 1254 433 pronuntiare,
1294 377 1444 419 utrum
1476 375 1535 418 sit

130 439 359 485 difficilius
391 454 547 497 capere
578 438 747 496 aliquid
778 454 837 482 an
868 438 1069 482 scribere.
1133 437 1257 481 Vale.

7 557 13 595 5:
87 563 109 593 s
776 553 885 593 XIX.

5 633 13 640 ·
359 639 403 674 e.
422 640 625 674 Pmes
651 640 874 674 VALERIO
901 639 1122 673 PAULINO
1151 639 1246 673 suo
1274 611 1629 710 8416έόἇὸήὲ

218 719 380 776 Video,
419 735 552 778 quam
585 720 781 765 molliter
811 724 912 764 tuos
944 720 1126 777 habeas3
1169 734 1256 776 quo
1290 718 1536 777 simplicius
1563 730 1582 763 1

131 781 215 827 tibi
258 755 520 837 confitebor,
575 797 663 840 qua
706 781 983 840 indulgentia
1027 796 1147 825 meos
1191 784 1389 825 tractem.
1452 779 1538 824 Est
1561 791 1584 824 2

0 871 6 890 .·
134 843 243 888 mihi
288 858 463 901 semper
504 844 551 887 in
595 844 742 887 animo
788 846 832 887 et
875 842 1164 887 Homericum
1209 842 1320 886 illud
1364 842 1536 899 πατὴρ

73 918 111 946 ιο
134 902 178 949 δ’
226 903 296 957 ὣς
336 905 495 962 ἤπιος
537 902 632 962 ἦεν
675 908 720 949 et
756 905 843 949 hoc
881 907 1084 948 nostrum
1124 904 1271 961 ‘pater
1309 902 1535 947 familiae'.

134 965 262 1019 Quod
307 966 345 1010 si
388 980 527 1010 essem
568 969 727 1010 natura
770 966 967 1023 asperior
1007 969 1052 1009 et
1102 965 1270 1021 durior,
1315 965 1539 1023 frangeret

133 1041 205 1071 me
247 1030 396 1071 tamen
451 1027 684 1072 infirmitas
727 1027 878 1071 liberti
930 1027 1016 1071 mei
1060 1026 1245 1083 Zosimi,
1296 1027 1367 1070 cui
1410 1028 1537 1070 tanto

133 1088 276 1133 maior
298 1087 551 1133 humanitas
577 1089 823 1133 exhibenda
848 1091 927 1145 est,
953 1091 1119 1145 quanto
1148 1103 1267 1132 nunc
1292 1088 1371 1131 illa
1396 1087 1538 1146 magis

1 1202 4 1208 Ι
133 1152 247 1208 eget.
308 1148 457 1194 Homo
489 1151 674 1207 probus,
713 1150 958 1204 officiosus,
989 1150 1234 1206 litteratus3
1265 1151 1310 1192 et
1341 1165 1410 1193 ars
1444 1148 1539 1205 qui-
1563 1159 1586 1192 3

73 1227 110 1255 15
134 1210 235 1256 dem
266 1210 360 1255 eius
392 1214 437 1255 et
468 1212 595 1268 quasi
633 1211 864 1268 inscriptio
902 1211 1158 1268 comoedus,
1197 1211 1244 1254 in
1283 1225 1371 1267 qua
1402 1210 1538 1267 pluri-

133 1287 257 1316 mum
288 1272 408 1317 facit.
469 1272 587 1317 Nam
629 1273 890 1330 pronuntiat
922 1273 1100 1328 acriter,
1140 1272 1378 1328 sapienter,
1423 1274 1539 1328 apte,

133 1333 339 1378 decenter
382 1333 533 1390 etiam3
578 1335 720 1378 utitur
757 1338 803 1378 et
841 1334 1011 1378 cithara
1048 1334 1205 1390 perite,
1247 1334 1365 1376 ultra
1404 1347 1536 1389 quam

133 1393 347 1439 comoedo
378 1409 555 1440 necesse
588 1398 666 1439 est.
698 1394 820 1439 Idem
852 1399 943 1438 tam
976 1394 1207 1439 commode
1239 1397 1284 1438 et
1316 1395 1537 1438 orationes

134 1458 179 1499 et
208 1455 417 1500 historias
455 1459 499 1500 et
540 1456 735 1501 carmina
775 1457 904 1515 legit,
938 1460 988 1499 ut
1025 1457 1111 1499 hoc
1149 1455 1291 1499 solum
1332 1455 1538 1500 didicisse

72 1532 110 1560 so
134 1516 346 1561 videatur.

219 1577 342 1623 Haec
373 1578 456 1623 tibi
489 1579 642 1623 sedulo
676 1579 881 1636 exposui,
914 1593 1001 1634 quo
1035 1578 1177 1636 magis
1209 1578 1361 1634 scires,
1404 1592 1536 1634 quam
1563 1589 1586 1621 4

134 1639 276 1684 multa
319 1655 432 1684 unus
479 1640 590 1683 mihi
634 1643 679 1683 et
723 1655 854 1696 quam
896 1639 1088 1684 iucunda
1132 1639 1378 1684 ministeria
1415 1655 1537 1696 prae-

135 1703 285 1744 staret.
346 1700 534 1745 Accedit
565 1702 700 1759 longa
726 1701 813 1744 iam
847 1701 1006 1744 caritas
1037 1700 1244 1757 hominis,
1276 1716 1408 1758 quam
1441 1701 1538 1758 ipsa

0 1807 4 1822 y,
135 1761 331 1819 pericula
362 1765 588 1806 auxerunt.
653 1762 735 1805 Est
776 1762 892 1805 enim
932 1762 995 1806 ita
1025 1765 1184 1806 natura
1221 1765 1538 1819 comparatum,
1564 1773 1586 1804 5

0 1845 2 1850 ·
74 1838 110 1865 ιε
135 1825 187 1866 ut
228 1822 343 1866 nihil
385 1838 524 1879 aeque
555 1838 750 1867 amorem
783 1823 939 1867 incitet
975 1825 1020 1867 et
1056 1823 1267 1868 accendat
1299 1838 1430 1880 quam
1470 1837 1538 1867 ca·

0 1880 4 1897 '
135 1883 261 1927 rendi
281 1886 442 1939 metus3
475 1899 605 1940 quem
626 1899 709 1942 ego
729 1899 809 1941 pro
829 1884 915 1928 hoc
933 1899 1025 1928 non
1043 1886 1180 1929 semel
1199 1884 1356 1942 patior.
1420 1884 1534 1928 Nam
1565 1895 1586 1928 6

134 1946 237 1988 ante
268 1944 441 2001 aliquot
471 1960 630 2002 annos,
668 1945 773 1988 dum
805 1945 973 1989 intente
1006 1946 1307 2002 instanterque
1345 1960 1538 2002 pronun-

136 2005 231 2075 tiat,
276 2006 536 2063 sanguinem
582 2006 735 2050 reiecit
781 2010 913 2063 atque
955 2007 1012 2051 ob
1058 2007 1144 2051 hoc
1189 2008 1235 2050 in
1281 2006 1537 2064 Aegyptum

0 2117 14 2135 r
136 2066 296 2110 missus
329 2082 355 2109 a
386 2082 455 2110 me
487 2070 590 2124 post
614 2068 793 2126 longam
820 2069 1217 2127 peregrinationem
1252 2069 1538 2111 confirmatus

74 2142 112 2170 ω
136 2127 268 2171 rediit
308 2143 464 2185 nuper3
509 2128 684 2184 deinde,
724 2129 827 2173 dum
875 2145 953 2187 per
996 2131 1230 2174 continuos
1273 2129 1364 2172 dies
1406 2129 1538 2173 nimis

135 2188 323 2245 imperat
367 2190 478 2244 voci,
519 2190 679 2234 veteris
720 2190 991 2235 infirmitatis
1032 2191 1245 2235 tussicula
1285 2190 1538 2234 admonitus

135 2264 287 2294 rursus
332 2251 590 2308 sanguinem
636 2251 835 2295 reddidit.
906 2252 1002 2304 Qua
1046 2268 1100 2296 ex
1145 2266 1276 2295 causa
1320 2250 1536 2295 destinavi
1565 2262 1586 2295 7

235 2374 257 2407 ο
285 2370 438 2408 Valerio
464 2383 510 2408 ex
538 2372 583 2407 R.
731 2375 752 2407 9
781 2373 893 2409 Hom.
919 2373 944 2420 β
968 2376 1029 2417 47,
1053 2375 1139 2409 234.
1284 2375 1329 2408 28
1357 2383 1435 2408 ace.
1462 2372 1538 2408 huc

137 2418 254 2467 longa
279 2431 315 2456 a.
415 2424 462 2456 24
490 2420 546 2456 ita
568 2421 618 2457 M
625 2433 656 2464 r,
683 2431 707 2457 a
732 2433 770 2466 a,
794 2433 864 2458 om.
887 2422 927 2458 D
934 2431 1005 2468 ps.
1108 2424 1154 2457 80
1181 2421 1296 2457 nimis
1321 2433 1392 2458 om.
1421 2421 1535 2469 Dpr.

139 2470 183 2504 81
211 2468 441 2506 admonetur
467 2469 711 2515 (admonetur
735 2476 768 2516 r)
794 2470 944 2517 Dprs.
1045 2474 1091 2506 ⁸2
1118 2470 1248 2507 reddit
1275 2470 1362 2517 Dp.

0 1987 15 2220 Ξ

0 2431 18 2678 ἒ
