1716 2742
228 100 319 147 306
674 97 712 135 C.
740 97 879 135 PLINI
904 97 970 135 ΕΤ
997 97 1212 136 TRAIANI

808 216 892 258 XC.
986 217 1050 259 01.

500 293 543 328 C.
565 293 772 329 PLINIUS
801 215 1024 330 TRAIgo
1051 216 1384 331 {MPERATORL

179 381 198 415 1
321 364 614 423 Sinopenses,
646 364 845 422 domine,
877 380 994 423 aqua
1027 365 1314 425 deficiuntur3
1341 381 1455 425 quae
1481 366 1658 412 videtur

227 432 271 475 et
313 428 432 472 bona
477 430 522 472 et
567 426 751 486 copiosa
796 428 851 473 ab
898 431 1025 473 sexto
1072 429 1245 474 decimo
1288 429 1482 474 miliario
1524 445 1658 488 posse

226 490 422 551 perduci.
494 490 579 535 Est
616 493 769 535 tamen
808 491 961 536 statim
1001 491 1056 536 ab
1098 492 1244 551 capite
1286 492 1422 551 paulo
1463 492 1656 551 amplius
1684 506 1701 536 ⁶

227 555 350 600 mille
383 554 589 612 passibus
628 554 755 599 locus
803 556 1036 612 suspectus
1083 557 1128 600 et
1172 555 1345 614 mollis,
1392 571 1526 614 quem
1573 571 1657 616 ego

226 617 406 662 interim
443 615 668 675 explorari
706 617 885 662 modico
924 617 1154 676 impendio
1193 618 1324 677 iussi,
1362 634 1420 663 an
1459 619 1658 677 recipere

176 697 198 728 2
227 683 272 726 et
318 680 537 725 sustinere
583 694 697 739 opus
742 680 898 738 possit.
976 680 1175 726 Pecunia
1221 681 1480 727 curantibus
1525 682 1657 727 nobis

226 745 457 789 contracta
489 758 583 788 non
617 743 775 801 deerit,
808 743 848 787 si
879 746 949 802 tu,
984 744 1181 802 domine,
1214 743 1303 790 hoc
1335 759 1476 804 genus
1510 745 1657 803 operis

226 810 272 852 et
306 806 560 852 salubritati
594 809 638 851 et
672 806 934 851 amoenitati
967 807 1097 851 valde
1131 807 1324 853 sitientis
1358 807 1561 853 coloniae
1594 808 1658 853 in-
1685 820 1716 850 ιο

227 870 429 915 dulseris.

789 934 896 976 XCI.
932 934 1096 990 [XCII]

711 1012 965 1048 TRAIANUS
993 1014 1182 1049 PLINIO.

319 1082 385 1129 Ut
418 1082 625 1141 coepisti,
660 1081 864 1127 Secunde
898 1082 1146 1140 carissime,
1186 1084 1372 1143 explora
1411 1083 1661 1144 diligenter,

227 1163 284 1192 an
316 1148 443 1192 locus
462 1147 578 1204 .ille,
619 1161 753 1204 quem
793 1148 1051 1204 suspectum
1091 1146 1248 1206 habeS,
1287 1147 1506 1193 sustinere
1546 1163 1658 1206 opus
1687 1162 1716 1191 u

227 1226 369 1269 aquae
410 1209 571 1254 ductus
611 1208 766 1266 possit.
830 1207 990 1267 Neque
1033 1210 1152 1254 enim
1195 1209 1492 1256 dubitandum
1534 1213 1661 1270 puto,

228 1273 338 1332 quin
371 1288 488 1332 aqua
519 1271 804 1331 perducenda
837 1271 896 1316 sit
928 1272 977 1316 in
1016 1273 1241 1318 coloniam
1274 1271 1584 1332 Sinopensem,
1622 1274 1660 1319 si

226 1337 360 1382 modo
395 1339 440 1381 et
478 1334 649 1380 viribus
690 1334 782 1380 suis
826 1334 1012 1393 adsequi
1054 1338 1225 1395 potest,
1267 1351 1371 1382 cum
1412 1337 1659 1396 plurimum

227 1416 278 1445 ea
309 1414 380 1445 res
414 1402 459 1444 et
491 1397 745 1444 salubritati
778 1400 823 1442 et
855 1398 1080 1456 voluptati
1113 1399 1207 1444 eius
1241 1399 1462 1445 collatura
1494 1400 1565 1445 sit.

763 1514 892 1556 Xon.
929 1513 1116 1569 [xom]
1686 1528 1716 1558 κ

500 1592 542 1628 C.
564 1592 772 1628 PLINIUS
800 1592 1025 1628 TRAIANO
1052 1593 1386 1629 IMPERATORI.

320 1663 639 1709 Amisenorum
689 1662 847 1709 civitas
888 1663 1032 1708 libera
1079 1666 1126 1708 et
1166 1663 1396 1710 foederata
1441 1664 1659 1711 beneficio

225 1727 351 1773 indul
386 1727 530 1772 entiae
571 1730 675 1772 tuae
716 1721 759 1771 Ie
793 1724 893 1772 ibus
933 1742 1026 1772 suls
1065 1726 1221 1772 utitur.
1285 1719 1340 1772 In
1378 1721 1463 1774 Hac
1505 1727 1659 1773 datum

226 1787 339 1836 m1fi1
365 1743 571 1836 libellum
598 1790 654 1835 ad
680 1804 838 1835 eranos
866 1788 1167 1848 pertinentem
1192 1789 1264 1835 his
1287 1790 1450 1837 litteris
1478 1790 1659 1850 subieci,

225 1857 276 1899 ut
308 1857 378 1913 tu,
411 1854 611 1912 domine,
644 1853 906 1912 dispiceres,
947 1853 1056 1912 quid
1096 1856 1141 1898 et
1180 1856 1401 1912 quatenus
1444 1856 1523 1899 aut
1560 1824 1716 1913 per-nt

227 1917 497 1962 mittendum
530 1919 608 1961 aut
640 1916 972 1975 prohibendum
1004 1918 1199 1974 putares.

751 2032 901 2074 xcm.
938 2031 1120 2086 [XCIV]

703 2110 957 2146 TRAIANUS
985 2110 1175 2146 PLINIO.

320 2179 578 2238 Amisenos,
607 2195 799 2238 quorum
825 2181 1031 2225 libellum
1059 2181 1278 2239 epistulae
1303 2183 1409 2226 tuae
1438 2180 1660 2239 iunxeras,

189 2244 266 2317 ‘si
296 2244 473 2303 legibus
507 2243 718 2302 istorum,
760 2244 923 2302 quibus
966 2244 1184 2289 beneficio
1223 2243 1416 2288 foederis
1455 2246 1658 2302 utuntur,

327 2345 349 2379 6
382 2341 564 2389 passibus
597 2355 634 2389 a,
668 2342 771 2389 K.1‚
804 2343 946 2390 Hard„
986 2354 1058 2380 om.
1086 2342 1137 2388 A,
1176 2354 1364 2391 passuum
1398 2342 1495 2388 Cat„
1529 2342 1581 2380 K.
1597 2343 1657 2380 ΙΙ.

227 2395 275 2430 18
306 2391 350 2430 id
374 2392 444 2430 vir.
473 2393 570 2439 Cat„
597 2394 637 2430 et
668 2392 738 2430 vir.
767 2393 847 2429 suis
880 2394 970 2442 ipsa
1003 2393 1046 2429 id
1080 2392 1162 2429 ads.
1191 2405 1229 2440 a,
1261 2392 1349 2440 ipsa
1374 2392 1445 2430 vir.
1470 2391 1492 2430 .2
1518 2393 1657 2430 Muell.
1704 2419 1705 2422 =

226 2447 274 2480 24
300 2442 401 2480 mihi
425 2442 585 2490 publice
611 2442 792 2482 libellum
817 2455 854 2483 α.
965 2446 1013 2481 30
1040 2442 1207 2482 istorum
1232 2443 1348 2492 vuly„
1374 2442 1550 2491 ipsorum
1580 2443 1659 2491 Or„

227 2494 378 2541 Madv„
407 2493 546 2531 Muell.
1650 2522 1653 2525 ,

1710 1918 1716 1959 ι’

1711 1969 1716 1991 .,

1709 1996 1716 2063 ἰ
