1716 2742
210 143 296 188 182
821 138 860 176 e.
888 139 1027 176 PLINI

206 256 283 300 diu
315 270 635 314 responsurum
669 255 970 313 intuerentur,
1005 254 1403 314 ‘Respondissem'
1443 255 1643 314 inquam,

207 319 266 364 ‘si
292 324 430 363 unum
458 319 587 363 illum
614 333 793 363 versum
821 317 1062 363 Africanus
1090 317 1342 378 adiecisset,
1369 319 1418 364 in
1438 333 1530 378 quo
1550 334 1645 364 non

132 393 176 426 13
206 381 360 426 dubito
389 381 539 426 omnia
563 397 682 426 nova
702 381 840 426 fuisse
850 381 874 424 '.
914 381 1021 426 Non
1041 381 1175 427 facile
1195 397 1268 427 me
1286 384 1444 442 repeto
1463 384 1645 428 tantum

206 445 439 490 adsensum
455 444 630 504 agendo
652 447 943 490 consecutum
966 447 1188 503 quantum
1208 448 1320 492 tunc
1338 461 1434 491 non
1453 446 1643 507 agendo.

299 506 515 552 Similiter
547 523 668 553 nunc
695 510 740 552 et
765 507 1008 566 probatum
1043 512 1089 553 et
1122 511 1363 568 exceptum
1396 511 1484 569 est,
1518 509 1642 568 quod
1678 527 1694 555 5

132 582 178 614 14
203 586 284 629 pro
319 570 497 615 Vareno
537 570 754 616 hactenus
789 574 959 616 tantum
998 587 1093 616 non
1125 572 1260 617 tacui.
1327 570 1564 631 Consules,
1593 575 1646 618 ut

203 632 454 692 Polyaenus
468 634 744 692 postulabat,
758 635 911 679 omnia
925 635 1104 695 integra
1118 635 1317 695 principi
1331 639 1645 694 servaverunt3

203 696 328 740 cuius
367 697 673 756 cognitionem
715 713 960 756 suspensus
1000 700 1202 756 expecto.
1269 697 1390 744 Nam
1431 698 1526 745 dies
1567 698 1644 744 ille

201 759 330 804 nobis
369 775 452 818 pro
487 760 666 806 Vareno
706 763 785 806 aut
825 762 1112 807 securitatem
1148 764 1193 807 et
1227 762 1373 808 otium
1406 762 1534 808 dabit
1566 765 1645 808 aut

202 823 504 868 intermissum
550 824 751 869 laborem
797 827 1014 870 renovata
1061 825 1369 871 sollicitudine
1421 826 1709 886 iniunget.1o

202 885 325 930 Vale.
1021 922 1024 926 .

311 982 313 985 .
873 954 968 996 VII.

529 1043 571 1077 C.
595 1044 800 1078 PLINIUS
830 1045 1122 1080 SATURNINO
1153 1046 1251 1082 SUO
1281 1017 1320 1081 S.

154 1137 171 1168 1
296 1125 357 1169 Et
395 1126 600 1184 proxime
640 1127 794 1172 Prisco
828 1131 984 1174 nostro
1020 1132 1065 1174 et
1098 1144 1274 1186 rursus,
1309 1130 1417 1189 quia
1450 1130 1516 1175 ita
1554 1130 1644 1175 ius-

201 1188 317 1245 sisti,
351 1189 518 1248 gratias
552 1191 645 1250 egi,
675 1190 973 1237 libentissime
1007 1192 1204 1250 quidem.
1254 1192 1340 1238 Est
1373 1193 1494 1238 enim
1530 1193 1645 1238 mihi
1671 1210 1707 1238 15

200 1251 543 1310 periucundum,
596 1254 715 1312 quod
770 1254 855 1299 viri
908 1255 1071 1314 optimi
1124 1256 1328 1316 mihique
1380 1257 1644 1314 amicissimi

85 1346 86 1349 η
151 1324 172 1357 2
201 1314 309 1359 adeo
344 1315 624 1373 cohaesistis,
658 1320 709 1362 ut
740 1317 934 1363 invicem
963 1334 1044 1364 vos
1072 1319 1268 1380 obligari
1293 1319 1477 1379 putetis.
1522 1318 1643 1366 Nam

200 1377 275 1421 ille
310 1393 489 1437 quoque
522 1380 808 1438 praecipuam
845 1398 891 1426 se
924 1383 1207 1442 voluptatem
1241 1398 1298 1429 ex
1330 1383 1532 1430 amicitia
1563 1385 1644 1428 tua

201 1455 358 1499 capere
396 1442 635 1499 profitetur
674 1446 905 1502 certatque
943 1448 1094 1491 tecum
1134 1446 1460 1493 honestissimo
1500 1449 1644 1493 certa-

202 1504 320 1548 mine
359 1508 541 1550 mutuae
588 1507 788 1552 caritatis
796 1544 807 1566 ,
850 1525 986 1567 quam
1026 1510 1177 1568 ipsum
1218 1513 1400 1569 tempus
1444 1509 1643 1571 augebit.
1670 1527 1708 1555 πο

203 1565 265 1609 Te
298 1568 491 1626 negotiis
525 1569 730 1615 distineri
765 1571 822 1615 ob
856 1572 943 1617 hoc
977 1573 1168 1618 moleste
1201 1574 1319 1632 fero,
1348 1574 1470 1632 quod
1497 1573 1644 1619 deser-

202 1628 294 1672 vire
333 1631 492 1676 studiis
531 1645 624 1677 non
663 1637 803 1691 potes
884 1634 933 1680 Si
973 1639 1125 1681 tamen
1165 1636 1354 1682 alteram
1393 1637 1521 1683 litem
1563 1652 1644 1696 per

202 1690 415 1750 iudicem,
447 1695 650 1753 alteram,
685 1700 747 1741 ut
769 1698 852 1756 ais,
880 1699 977 1757 ipse
1004 1699 1197 1758 finieris,
1225 1700 1414 1759 incipies
1441 1701 1642 1759 primum

202 1753 303 1799 istic
344 1756 435 1800 otio
470 1756 579 1815 frui,
619 1759 777 1804 deinde
817 1762 1007 1807 satiatus
1049 1763 1104 1807 ad
1145 1778 1228 1808 nos
1269 1763 1446 1809 reverti.
1514 1763 1642 1809 Vale.

854 1879 970 1920 VHI.
1668 1893 1705 1922 25

577 1964 619 1998 C.
645 1966 849 2001 PLINIUS
879 1970 1059 2005 PRISCO
1089 1971 1186 2005 SUO
1218 1973 1255 2006 S.

155 2054 173 2086 1
298 2043 560 2103 Exprimere
603 2063 694 2092 non
728 2066 932 2109 possum,
967 2069 1102 2111 quam
1137 2055 1384 2101 iucundum
1422 2055 1483 2101 sit
1515 2055 1642 2113 mihi,

205 2107 325 2164 quod
359 2106 627 2154 Saturninus
660 2115 813 2157 noster
847 2130 1044 2162 summas
1078 2117 1163 2162 tibi
1206 2118 1327 2177 apud
1361 2134 1433 2164 me
1469 2118 1640 2180 gratias
1669 2129 1672 2134 '

154 2179 175 2212 2
204 2169 303 2214 aliis
357 2186 503 2246 super
535 2172 644 2218 alias
691 2175 895 2232 epistulis
943 2180 1050 2238 agit.
1130 2180 1293 2241 Perge,
1338 2185 1392 2227 ut
1437 2182 1642 2241 coepisti,

306 2284 326 2316 2
353 2280 465 2318 illum
494 2296 590 2320 vers.
615 2285 748 2332 Dpa,
780 2288 881 2334 Otto,
911 2291 1061 2334 MueZL,
1090 2292 1191 2329 illud
1218 2293 1382 2331 verbum
1412 2295 1545 2340 Μνς,
1574 2294 1641 2339 Κ.,

203 2330 352 2378 Stanyl.
456 2337 477 2369 6
504 2334 607 2371 hact.
635 2336 745 2373 tacui
772 2337 945 2376 Sichard.
969 2346 1004 2378 et
1024 2342 1308 2382 ‘membranae’
1330 2344 1463 2382 Modis·
1481 2348 1640 2382 novam.

203 2380 284 2418 leet.
299 2382 495 2439 ‘92UerL
518 2384 634 2432 lamp.
660 2387 694 2422 V
704 2398 746 2434 p.
766 2390 853 2434 241,
881 2389 985 2428 hact.
1014 2404 1090 2429 non
1120 2394 1185 2441 egi
1212 2394 1419 2442 Schaefer„
1446 2394 1554 2432 hact.
1577 2406 1641 2432 me
1709 2404 1716 2414 ¹

203 2430 381 2467 continui
406 2432 427 2469 .9
455 2434 591 2472 Muell.
626 2448 735 2474 eruce
768 2438 916 2486 addita,
951 2441 1141 2479 hactenus
1171 2444 1390 2495 (tantum)
1419 2457 1500 2483 non
1531 2445 1641 2483 taoni

202 2481 433 2543 Stanyl'oef.
455 2484 565 2522 Dem.
590 2489 623 2531 1,
649 2490 675 2523 2
694 2485 817 2534 μόνον
842 2490 928 2538 οὐχὶ
956 2492 1094 2541 φωνὴν
1122 2492 1273 2541 ἀφιείς-ς
1302 2496 1389 2533 Liv.
1412 2496 1483 2534 IV
1502 2498 1539 2541 2,
1571 2498 1643 2543 12;
1711 2518 1716 2539 ι

204 2531 291 2568 ΧΧ
318 2535 376 2578 10,
404 2537 438 2579 1,
466 2535 547 2581 al.).
651 2537 724 2573 24·
750 2541 931 2587 reverta,
958 2545 1177 2590 reverteris,
1205 2547 1400 2583 revertere
1426 2545 1448 2583 ,9
1708 2572 1716 2656 4

1704 2660 1716 2742 1
