1630 2678
468 127 823 190 EPISTULARUM
849 153 902 190 1v
930 158 1085 192 16-18.
1387 158 1472 203 107

77 263 208 322 Nam,
240 279 342 310 cum
372 264 488 310 forte
520 265 574 310 de
599 266 727 310 bonis
760 266 990 310 iuvenibus
1025 267 1141 324 apud
1167 266 1361 311 Nervam
1394 268 1474 311 im·
1500 279 1522 312 8

76 328 324 384 peratorem
369 341 512 371 sermo
558 327 786 371 incidisset
825 330 870 371 et
916 328 1116 385 plerique
1154 344 1223 372 me
1267 329 1473 372 laudibus

75 388 260 444 ferrent,
291 388 518 446 paulisper
549 404 594 432 se
627 389 743 432 intra
781 389 1006 432 silentium
1047 390 1208 446 tenuit,
1249 390 1368 447 quod
1406 390 1474 434 illi

37 456 48 468 ’
75 449 317 506 plurimum
349 449 624 494 auctoritatis
657 450 863 507 addebat3
897 450 1052 494 deinde
1078 451 1307 509 gravitate,
1340 467 1473 508 quam

33 531 52 560 ι
74 524 207 555 noras
229 507 440 555 ‘Necesse
475 511 560 554 est’
599 511 745 567 inquit
770 509 962 568 ‘parcius
1004 512 1179 556 laudem
1210 511 1473 569 Secundum,

77 571 183 629 quia
212 571 327 615 nihil
358 571 444 615 nisi
470 587 524 616 ex
550 572 736 616 consilio
761 587 857 616 meo
878 571 1005 616 facit?
1061 572 1158 625 Qua
1183 588 1290 618 voce
1316 574 1474 618 tribuit

79 633 203 688 mihi,
235 635 451 690 quantum
483 635 631 690 petere
663 636 768 677 voto
801 634 1074 678 inmodicum
1107 637 1217 690 erat,
1251 635 1363 678 nihil
1405 651 1473 679 me

77 693 221 738 facere
252 707 343 737 non
375 694 716 751 sapientissime,
758 709 857 739 cum
892 695 1040 739 omnia
1085 711 1139 739 ex
1181 696 1366 740 consilio
1410 711 1475 740 sa-

77 754 342 812 pientissimi
384 755 471 799 viri
514 755 714 800 facerem.
787 755 903 808 Quin
948 757 1080 800 etiam
1125 758 1315 801 moriens
1357 758 1475 802 filiae

17 836 55 865 ιο
79 830 183 860 suae
223 814 342 875 (ipsa
372 817 486 861 solet
516 815 807 875 praedicare):
874 815 1058 861 ‘Multos
1092 819 1269 875 quidem
1309 819 1474 863 amicos

77 876 160 921 tibi
190 879 242 921 ut
271 878 472 936 longiore
504 878 596 922 vita
621 879 791 936 paravi,
829 879 1091 936 praecipuos
1133 883 1280 923 tamen
1314 879 1475 924 Secun-

78 938 184 983 dum
216 940 260 982 et
280 937 546 983 Cornutum?
615 939 742 992 Quod
763 955 862 984 cum
888 941 1106 996 recordor⁷
1133 940 1343 999 intellego
1365 941 1475 985 mihi

76 999 381 1056 laborandum,
412 1015 468 1044 ne
501 1016 589 1057 qua
619 1004 744 1058 parte
770 1001 921 1045 videar
950 1002 1065 1046 hanc
1091 1002 1144 1046 de
1171 1018 1240 1046 me
1266 1003 1475 1047 fiduciam

77 1060 452 1118 providentissimi
484 1062 568 1105 viri
600 1062 863 1107 destituisse.
936 1062 1080 1115 Quare
1123 1078 1204 1122 ego
1247 1079 1351 1107 vero
1395 1063 1475 1108 Co-

11 1140 57 1172 αι
79 1121 230 1166 relliae
255 1122 387 1166 adero
407 1123 738 1180 promptissime
764 1139 845 1168 nec
865 1124 1011 1168 subire
1032 1124 1225 1168 offensas
1245 1126 1476 1182 recusabo3

78 1197 347 1241 quamquam
378 1198 471 1228 non
502 1185 646 1228 solum
666 1186 838 1229 veniam
859 1201 950 1242 me,
970 1201 1122 1229 verum
1149 1186 1281 1230 etiam
1300 1187 1476 1230 laudem

77 1243 197 1302 apud
227 1245 362 1289 istum
394 1245 565 1303 ipsum‚·
617 1262 642 1290 a
674 1261 775 1304 quo,
809 1250 858 1290 ut
882 1248 961 1303 ais,
991 1263 1107 1291 nova
1132 1248 1186 1290 lis
1213 1247 1400 1291 fortasse
1426 1251 1478 1291 ut

11 1358 15 1362 .
77 1305 267 1350 feminae
311 1306 572 1364 intenditur,
623 1307 814 1352 arbitror
874 1311 1227 1364 consecuturum,
1287 1309 1323 1352 si
1368 1309 1476 1353 haec

78 1366 230 1411 eadem
262 1366 309 1411 in
329 1368 512 1425 actione,
543 1369 676 1412 latius
699 1369 866 1413 scilicet
886 1372 930 1413 et
948 1369 1140 1426 uberius,
1161 1385 1293 1426 quam
1313 1370 1476 1427 epistu-

16 1445 55 1475 ιο
76 1427 221 1472 larum
246 1430 475 1488 angustiae
500 1430 664 1486 sinunt,
690 1431 927 1489 contigerit
962 1431 1071 1473 mihi
1113 1431 1183 1474 vel
1218 1431 1264 1474 in
1300 1446 1476 1475 excusa-

78 1489 247 1534 tionem
267 1490 338 1534 vel
357 1491 490 1535 etiam
511 1492 938 1536 commendationem
965 1507 1107 1535 meam
1134 1491 1287 1536 dicere.
1352 1492 1475 1537 Vale.

158 1757 537 1811 Quemadmodum
558 1760 698 1817 magis
719 1759 960 1817 adprobare
986 1760 1068 1804 tibi
1094 1775 1287 1817 possum,
1310 1764 1475 1818 quanto

17 1836 54 1865 ιο
80 1833 211 1877 opere
237 1819 369 1863 mirer
388 1820 707 1878 epigrammata
738 1823 814 1864 tua
835 1819 1011 1878 Graeca,
1043 1837 1174 1878 quam
1202 1823 1320 1879 quod
1348 1838 1476 1880 quae-

80 1880 180 1924 dam
213 1879 369 1924 Latine
402 1882 611 1924 aemulari
644 1885 687 1925 et
719 1882 962 1939 exprimere
994 1883 1238 1940 temptavi?
1276 1884 1322 1927 in
1361 1884 1475 1927 dete-

78 1942 170 1985 rius
203 1940 391 1998 quidem.
442 1941 618 1986 Accidit
648 1942 733 1986 hoc
766 1943 956 2000 primum
982 1944 1285 1988 imbecillitate
1311 1945 1476 2003 ingenii

79 2003 178 2059 mei,
204 2002 359 2047 deinde
385 2002 535 2060 inopia
554 2018 604 2048 ac
624 2003 786 2061 potius,
806 2008 855 2048 ut
875 2005 1104 2049 Lucretius
1125 2006 1197 2061 ait,
1220 2006 1476 2064 ‘egestate

79 2063 243 2122 patrii
275 2078 406 2107 serm
418 2061 554 2108 onis?
619 2064 785 2117 Quodsi
816 2065 939 2123 haec,
970 2081 1081 2123 quae
1115 2070 1218 2110 sunt
1250 2070 1293 2109 et
1320 2066 1477 2110 Latina

18 2140 56 2175 ω
81 2128 125 2171 et
165 2140 280 2182 mea,
331 2125 492 2169 habere
543 2126 624 2170 tibi
675 2127 841 2183 aliquid
899 2128 1142 2171 venustatis
1200 2128 1477 2185 videbuntur,

180 2237 226 2270 10
252 2235 297 2270 ut
317 2234 402 2280 ipsa
422 2234 576 2280 Fpra.
605 2234 654 2270 K.
670 2235 704 2279 I,
726 2235 828 2278 Otto,
852 2236 998 2280 Muetl„
1025 2236 1111 2282 ipsa
1132 2237 1208 2272 rell.
1313 2240 1356 2271 12
1385 2236 1475 2272 dum

79 2294 149 2332 pro
175 2293 262 2319 cum
291 2284 327 2320 R
338 2283 483 2329 Fpra.
617 2286 663 2319 20
690 2283 821 2320 sinunt
850 2306 891 2311 —
921 2289 964 2321 21
995 2285 1122 2321 dicere
1150 2285 1350 2331 RFpra,
1381 2286 1476 2330 Otto,

83 2332 231 2377 Muell„
265 2331 398 2368 sinunt
432 2331 490 2367 vel
527 2332 566 2367 in
602 2333 885 2370 excusationem
923 2333 982 2370 vel
1018 2334 1134 2370 etiam
1176 2333 1476 2371 commendatio·

82 2391 169 2417 nem
195 2391 319 2417 meam
347 2380 477 2416 dixero
504 2382 555 2421 D,
585 2381 650 2425 K„
681 2381 811 2418 sinunt
837 2382 895 2418 vel
923 2382 962 2418 in
989 2393 1114 2418 excus.
1142 2395 1190 2418 m.
1212 2382 1342 2419 dixero
1371 2384 1422 2421 M
1435 2383 1475 2420 V.

83 2431 130 2464 28
157 2429 267 2466 Arrio
286 2441 332 2466 ex
353 2430 399 2467 R.
502 2434 546 2465 27
575 2430 731 2476 quidem
759 2430 962 2478 RFpra,
989 2432 1135 2478 Stanyl,
1167 2432 1314 2477 ΜιιοεῑῑἸ
1343 2433 1475 2469 tamen

86 2478 280 2523 MVDe,
308 2479 357 2515 K.
460 2482 506 2515 28
535 2479 647 2515 Lucr.
670 2480 697 2515 I
717 2482 800 2516 832.

1503 951 1549 985 10

1503 1074 1547 1107 11
