1716 2742
227 94 319 139 304
674 89 713 127 C.
740 88 879 127 PLINI
904 87 970 126 ΕΤ
996 88 1211 127 TRAIAM

225 208 370 264 mant,
412 204 593 250 debebis
627 219 783 249 vacare
823 204 1065 250 contractis
1109 204 1317 250 omnibus
1356 203 1560 264 personis
1599 204 1655 250 ad

225 268 343 314 idem
370 269 602 327 negotium
626 268 967 326 pertinentibus,
991 267 1203 312 adhibitis
1224 267 1383 314 Virdio
1405 266 1654 314 Gemellino

226 334 270 376 et
301 331 571 389 Epimacho,
602 331 764 375 liberto
798 346 917 388 meo,
950 330 1335 390 procuratoribus,
1367 333 1420 376 ut
1451 331 1656 376 aestima·

226 395 285 438 tis
331 395 465 438 etiam
509 394 584 449 iis,
630 409 744 451 quae
790 396 947 438 contra
992 394 1219 452 dicuntur,
1266 394 1387 452 quod
1433 394 1653 452 optimum

227 456 514 514 credideritis,
547 456 767 502 statuatis.
1682 470 1699 499 ο

733 560 936 601 LXXXV.
974 559 1146 613 [XVII]

499 637 541 672 C.
562 638 769 672 PLINIUS
797 637 1021 673 TRAIANO
1048 637 1382 674 IMPERATORI.

319 707 587 765 Maximum,
611 708 824 753 libertum
853 711 898 753 et
923 710 1260 766 procuratorem
1287 711 1438 767 tuum,
1463 708 1655 768 domine,

225 787 305 830 per
338 787 471 816 omne
504 773 702 829 tempus,
736 786 825 829 quo
858 771 1026 817 fuimus
1060 787 1169 830 una,
1207 771 1402 830 probum
1445 774 1490 817 et
1528 771 1657 817 indu-

225 835 385 879 strium
419 836 463 879 et
495 834 757 894 diligentem
798 850 850 879 ac
892 835 1008 880 sicut
1048 834 1114 879 rei
1154 837 1258 879 tuae
1298 834 1655 880 amantissimum
1682 848 1716 876 10

225 898 289 942 ita
321 897 583 956 disciplinae
615 897 951 943 tenacissimum
986 900 1195 956 expertus
1227 897 1422 943 libenter
1459 897 1578 957 apud
1611 900 1656 942 te

225 960 484 1005 testimonio
518 975 768 1019 prosequor
800 976 852 1005 ea
884 960 991 1019 fide,
1024 976 1160 1019 quam
1192 960 1279 1005 tibi
1311 960 1464 1006 debeo.

682 1077 895 1118 LXXXVI
914 1077 964 1119 A.
1001 1075 1195 1131 [XVIII]

502 1153 543 1188 C.
564 1154 771 1189 PLINIUS
799 1154 1023 1189 TRAIANO
1050 1154 1384 1190 IMPERATORI.

321 1224 510 1270 Gavium
537 1224 748 1282 Bassum,
774 1224 972 1283 domine,
1000 1225 1275 1283 praefectum
1305 1240 1409 1270 orae
1430 1224 1656 1283 Ponticae,
1684 1238 1716 1266 ιε

226 1289 470 1348 integrum,
512 1288 723 1346 probum,
762 1287 1034 1332 industrium
1077 1290 1212 1346 atque
1253 1288 1372 1333 inter
1413 1288 1500 1333 ista
1535 1303 1657 1333 reve-

225 1351 530 1396 rentissimum
577 1351 665 1395 mei
716 1353 926 1410 expertus
978 1353 1085 1395 voto
1137 1351 1308 1409 pariter
1351 1353 1397 1396 et
1442 1351 1656 1411 suffragio

226 1429 474 1473 prosequor
507 1429 558 1458 ea
590 1413 696 1472 fide,
731 1429 866 1471 quam
898 1413 983 1458 tibi
1016 1413 1168 1458 debeo.

684 1530 896 1571 LXXXVI
916 1530 964 1572 B.
999 1528 1192 1583 [XVIII]

502 1608 545 1642 C.
565 1608 771 1643 PLINIUS
800 1607 1024 1643 TRAIANO
1052 1607 1386 1643 IMPERATORI.
1683 1617 1716 1645 2ο

319 1678 507 1724 Fabium
542 1677 779 1723 Valentem
812 1678 1082 1723 instructum
1117 1677 1382 1723 commilitio
1416 1680 1495 1723 tuo
1529 1677 1659 1723 valde

226 1742 388 1801 probo3
431 1742 557 1787 cuius
598 1742 863 1800 disciplinae
903 1741 1056 1800 debet,
1097 1741 1219 1799 quod
1261 1741 1543 1801 indulgentia
1580 1743 1660 1785 tua

229 1806 390 1865 dignus
425 1807 502 1849 est.
568 1803 703 1862 Apud
737 1820 808 1849 me
842 1806 887 1848 et
919 1804 1086 1849 milites
1127 1807 1171 1849 et
1210 1804 1396 1864 pagani,
1435 1820 1462 1848 a
1496 1803 1658 1862 quibus

226 1868 398 1912 iustitia
431 1868 524 1912 eius
559 1870 603 1911 et
629 1867 884 1912 humanitas
911 1867 1091 1926 penitus
1118 1867 1322 1926 inspecta
1347 1869 1426 1925 est,
1453 1867 1658 1912 certatim

227 1931 268 1975 ei
302 1946 390 1989 qua
422 1931 633 1989 privatim
677 1946 767 1988 qua
805 1930 986 1989 publice
1024 1930 1284 1975 testimonia
1322 1929 1656 1989 perhibuerunt.
1685 1943 1716 1972 π

329 2045 351 2078 8
384 2052 515 2078 meum
536 2053 611 2089 pro
637 2042 750 2078 tuum
778 2042 828 2079 A.
935 2045 979 2078 15
1008 2041 1178 2079 Gabium
1206 2054 1242 2088 a,
1270 2041 1374 2087 K.I,
1401 2039 1589 2078 Galbium
1607 2041 1661 2087 A,

228 2092 276 2137 cf.
299 2092 351 2128 ad
373 2103 413 2138 p.
434 2094 522 2137 274,
541 2095 603 2130 25.
631 2114 678 2119 —
705 2091 822 2129 Ponti
852 2092 939 2130 Aa.
1045 2095 1091 2129 18
1113 2090 1265 2130 ‘Novae
1291 2092 1476 2139 epistulae
1501 2091 1659 2128 initium

227 2146 324 2179 recte
351 2143 600 2179 constituerat
627 2142 708 2180 Cat.
737 2143 781 2179 in
809 2143 940 2190 prima
974 2140 1151 2180 editione’
1181 2143 1234 2180 K.
1249 2143 1309 2187 II,
1344 2142 1494 2187 Muell„
1528 2141 1658 2179 Hard.

229 2196 274 2229 21
303 2191 470 2228 Fabium
498 2192 707 2229 Valentem
731 2223 738 2230 .
762 2221 770 2229 .
795 2222 801 2228 .
825 2192 940 2229 valde
971 2192 1095 2240 probo
1124 2193 1174 2239 B,
1211 2191 1324 2235 Gat.¹,
1358 2191 1510 2237 Hard.‚·
1535 2189 1658 2228 debeo

229 2244 280 2288 (v.
303 2244 388 2283 18).·
415 2254 531 2288 quam
560 2254 606 2279 ea
631 2253 731 2289 quae
760 2244 891 2289 speret
917 2243 1028 2280 instr.
1051 2255 1189 2280 comm.
1211 2244 1280 2279 tuo
1301 2243 1362 2288 A‚·
1388 2241 1512 2279 debeo
1539 2252 1658 2288 quam

229 2292 382 2329 abunde
417 2303 481 2338 ea,
519 2304 621 2339 quae
658 2294 788 2340 speret
824 2294 1060 2330 instructum
1090 2306 1137 2339 ας
1172 2293 1316 2338 debeo,
1350 2303 1468 2339 quem
1502 2290 1659 2328 abunde

229 2341 414 2390 conspexi
435 2342 670 2379 instructum
692 2342 817 2389 Cat.';
837 2344 1018 2381 lacunam
1038 2344 1157 2381 indic.
1179 2343 1232 2381 K.
1254 2347 1290 2381 et
1310 2342 1461 2388 Muell„
1481 2354 1512 2380 v.
1530 2342 1659 2380 Hard.

229 2393 384 2430 edition.
400 2404 441 2439 p.
457 2395 534 2430 200
553 2398 589 2430 et
601 2394 739 2431 Journ.
761 2393 807 2439 of
816 2394 956 2431 Philol.
972 2394 1110 2432 XVII
1119 2397 1206 2440 108,
1226 2393 1274 2440 cf.
1298 2392 1423 2431 Wilde
1438 2404 1479 2439 p.
1495 2394 1570 2429 116
1582 2403 1659 2440 sqq.

229 2446 276 2480 25
312 2442 475 2490 pertrib.
511 2443 603 2489 Aa,
644 2444 711 2489 K,
748 2444 899 2490 Muell„
936 2443 1070 2481 retrib.
1107 2444 1203 2490 Cat„
1242 2441 1394 2491 perhib.
1428 2442 1570 2488 Hard„
1610 2442 1658 2488 cf.

226 2505 362 2542 φακες.
384 2495 445 2539 95,
474 2496 508 2530 1.
