1630 2678
505 116 863 155 EPISTULARUM
888 115 924 152 H
951 118 1107 152 17—19.
1446 113 1506 158 55

103 232 262 291 Neque
299 231 418 277 enim
464 246 536 274 me
587 229 799 288 praeterit
843 228 1057 282 actiones,
1100 242 1212 284 quae
1252 226 1507 282 recitantur,
1534 238 1555 270 2

105 295 318 353 impetum
362 308 538 338 omnem
583 292 861 347 caloremque
905 304 957 334 ac
997 304 1135 347 prope
1174 303 1338 332 nomen
1378 302 1508 331 suum

61 384 76 398 .
104 355 309 414 perdere,
335 357 388 399 ut
419 369 528 411 quas
561 353 732 397 soleant
770 351 1074 396 commendare
1107 349 1240 393 simul
1277 352 1321 392 et
1358 363 1509 392 accen·

105 417 208 461 dere
237 416 432 461 iudicum
453 428 702 469 consessus,
733 413 962 457 celebritas
996 412 1327 466 advocatorum,
1353 424 1510 467 expec-

58 497 78 526 5
104 478 217 523 tutio
256 480 457 533 eventus,
498 476 617 519 fama
653 490 745 518 non
769 475 900 518 unius
927 473 1088 517 actoris
1115 473 1431 528 diductumque
1462 472 1510 514 in

105 543 253 598 partes
297 537 567 583 audientium
619 536 832 589 studium,
884 535 938 578 ad
987 535 1073 578 1100
1117 534 1301 577 dicentis
1346 535 1510 591 gestus,

105 601 322 656 incessus,
362 600 584 643 discursus
626 598 758 641 etiam
801 597 1095 652 omnibusque
1138 595 1331 638 motibus
1373 594 1510 638 animi

108 664 427 707 consentaneus
458 660 588 718 vigor
618 659 816 716 corporis
892 657 1021 702 Unde
1054 656 1231 712 accidit,
1269 659 1319 699 ut
1350 656 1402 711 ii,
1433 655 1511 712 qui
1536 668 1559 700 3

108 723 308 767 sedentes
333 724 489 780 agunt,
514 720 715 777 quamvis
741 719 829 763 illis
849 719 1042 762 maxima
1067 733 1121 761 ex
1140 721 1264 775 parte
1290 717 1512 774 supersint

47 802 84 830 ιο
108 784 260 828 eadem
303 783 382 827 illa
424 797 536 840 quae
580 781 817 836 stantibus,
854 783 1003 824 tamen
1034 780 1139 835 hoc,
1183 778 1300 835 quod
1346 778 1513 834 sedent,

109 845 237 902 quasi
273 843 560 888 debilitentur
599 846 644 886 et
684 843 997 899 deprimantur.
1070 839 1368 884 Recitantium
1407 854 1510 883 vero
1537 853 1561 885 4

108 905 346 965 praecipua
400 905 773 962 pronuntiationis
824 903 1095 958 adiumenta,
1151 902 1288 957 oculi,
1343 916 1514 956 manus,

108 967 462 1026 praepediuntur.
538 964 636 1018 Quo
675 966 821 1008 minus
859 965 1020 1008 mirum
1062 965 1146 1019 est,
1185 963 1222 1006 si
1261 963 1511 1006 auditorum

108 1028 297 1073 intentio
328 1028 625 1086 relanguescit
655 1027 790 1070 nullis
823 1026 1095 1070 extrinsecus
1134 1028 1211 1068 aut
1242 1023 1513 1067 blandimen-

49 1107 85 1137 ιι
108 1090 168 1134 tiu
198 1091 330 1147 capta
359 1091 437 1133 aut
456 1089 619 1132 aculeis
639 1088 839 1132 excitata.
891 1086 1075 1130 Accedit
1092 1086 1183 1142 his,
1214 1086 1333 1142 quod
1360 1085 1515 1141 oratio,
1539 1098 1562 1131 5

109 1151 163 1195 de
194 1165 284 1208 qua
306 1151 486 1207 loquor,
516 1165 698 1208 pugnax
729 1152 774 1193 01
800 1148 926 1205 quasi
953 1148 1230 1192 contentiosa
1255 1150 1332 1190 est.
1375 1146 1513 1190 Porro

108 1212 173 1257 ita
195 1214 354 1256 natura
378 1216 679 1269 comparatum
708 1213 792 1265 est,
818 1213 868 1253 ut
894 1225 964 1266 ea,
995 1224 1106 1265 quae
1132 1209 1387 1265 scripsimus
1414 1222 1514 1251 cum

107 1273 279 1330 labore,
317 1274 451 1317 etiam
495 1288 596 1317 cum
640 1272 792 1315 labore
834 1271 978 1315 audiri
1021 1273 1238 1327 putemus.
1314 1269 1374 1312 Et
1412 1283 1515 1312 sane
1541 1282 1563 1315 6

110 1336 274 1392 quotus
305 1334 492 1391 quisque
523 1337 616 1378 tam
653 1337 798 1377 rectus
837 1332 1028 1387 auditor,
1069 1346 1199 1387 quem
1237 1345 1325 1374 non
1365 1331 1515 1387 potius

49 1415 86 1442 ω
111 1395 259 1440 dulcia
287 1395 397 1439 haec
435 1398 479 1439 et
523 1395 727 1439 sonantia
771 1409 904 1451 quam
950 1396 1123 1436 austera
1167 1395 1211 1435 et
1253 1406 1404 1448 pressa
1444 1391 1516 1434 de-

109 1455 304 1502 lectent?
365 1456 447 1500 Est
479 1457 655 1513 quidem
689 1457 869 1499 omnino
895 1455 1037 1511 turpis
1071 1454 1156 1497 ista
1181 1453 1418 1507 discordia,
1449 1454 1516 1496 est

110 1521 277 1574 tamen,
303 1518 409 1575 quia
432 1518 692 1575 plerumque
718 1517 881 1572 evenit,
908 1519 958 1559 ut
984 1515 1102 1558 aliud
1129 1514 1371 1570 auditores,
1395 1514 1515 1566 aliud

111 1578 278 1624 iudices
309 1579 508 1638 exigant,
539 1594 640 1622 cum
673 1578 839 1634 alioqui
878 1578 931 1620 iis
964 1576 1196 1633 praecipue
1238 1575 1413 1619 auditor
1444 1575 1516 1618 ad·

112 1641 187 1685 fici
214 1640 389 1693 debeat,
416 1641 577 1697 quibus
599 1640 733 1693 idem,
766 1640 803 1681 si
823 1639 940 1682 foret
959 1637 1110 1692 iudex,
1136 1637 1325 1680 maxime
1345 1652 1517 1694 permo-

53 1719 90 1748 15
114 1704 301 1746 veretur.
363 1701 519 1745 Potest
543 1704 692 1744 tamen
719 1700 834 1755 fieri,
864 1702 914 1742 ut
941 1713 1204 1756 quamquam
1235 1699 1281 1741 in
1306 1698 1375 1741 his
1403 1698 1517 1741 diffi-
1544 1710 1563 1742 ‘1

113 1763 354 1807 cultatibus
385 1762 500 1806 libro
535 1763 607 1805 isti
646 1762 819 1804 novitas
858 1760 1150 1816 lenocinetur,
1187 1759 1361 1803 novitas
1401 1759 1517 1816 apud

113 1826 309 1879 nostros3
340 1823 456 1880 apud
490 1821 678 1866 Graecos
718 1822 834 1865 enim
868 1824 935 1866 est
976 1821 1184 1878 quiddam
1225 1820 1424 1877 quamvis
1464 1835 1518 1863 ex

115 1883 307 1939 diverso,
349 1898 441 1927 non
471 1886 620 1926 tamen
663 1884 844 1927 omnino
878 1883 1101 1926 dissimile.
1165 1881 1293 1937 Nam,
1339 1885 1389 1925 ut
1430 1881 1517 1924 illis
1545 1894 1566 1926 8

115 1948 209 1989 erat
241 1945 376 1989 moris
407 1945 546 2003 leges,
580 1960 688 2000 quas
722 1947 771 1987 ut
809 1944 1051 1988 contrarias
1084 1943 1304 2000 prioribus
1344 1943 1518 2000 legibus

54 2026 92 2053 ιο
116 2006 378 2065 arguebant,
431 2006 614 2049 aliarum
667 2006 904 2050 collatione
949 2006 1226 2059 convincere,
1277 2004 1340 2047 ita
1390 2003 1517 2046 nobis

218 2155 262 2188 14
296 2150 460 2187 intentio
488 2149 748 2198 relanguescit
775 2151 996 2197 RFDpr,
1029 2152 1093 2194 K„
1123 2150 1270 2192 Muell„
1305 2149 1519 2185 intentione

118 2200 339 2246 languescit
366 2201 415 2237 M
431 2200 470 2242 V,
507 2201 638 2246 Pomp.
665 2201 786 2245 Lacr„
813 2212 854 2244 a,
891 2200 1056 2236 intentio
1086 2199 1301 2245 languescit
1326 2198 1517 2242 Beroald„

119 2249 255 2286 Novak
274 2249 401 2286 Zachr.
421 2250 448 2293 f.
471 2249 506 2284 d.
528 2252 594 2284 ost.
616 2249 754 2295 Gymn.
780 2252 883 2293 1891,
910 2261 937 2295 p
966 2252 1071 2285 1067.
1175 2252 1219 2283 16
1248 2247 1359 2293 quasi
1381 2248 1431 2284 M
1446 2247 1517 2290 Vs,

118 2308 189 2334 om.
217 2298 474 2344 RFDpra,
514 2298 576 2340 K„
612 2298 659 2341 cf.
687 2299 794 2343 infra
834 2299 912 2334 VII
938 2302 974 2342 9,
1007 2302 1038 2335 7.
1209 2300 1254 2332 22
1288 2296 1379 2342 quia
1413 2297 1518 2338 MV,

121 2346 173 2383 K.
188 2347 246 2391 11,
274 2357 374 2393 quae
395 2347 533 2390 RFa,
565 2346 613 2382 K.
630 2348 664 2390 1,
693 2347 759 2393 qui
788 2347 839 2391 D,
869 2346 973 2393 quod
998 2358 1064 2393 pr.
1174 2349 1219 2381 23
1248 2344 1297 2380 al.
1325 2345 1372 2380 iis
1395 2346 1444 2381 K.
1461 2346 1519 2389 II,

123 2395 269 2480 bissenit
302 2395 362 2452 al..
379 2395 438 2431 his
474 2396 520 2431 M
538 2396 610 2439 Vs,
648 2395 697 2431 K.
719 2396 754 2440 1,
783 2395 832 2432 al.
859 2396 891 2431 is
919 2396 971 2439 D,
1008 2395 1188 2442 alloquiis
1215 2394 1312 2438 RF,
1348 2393 1521 2440 alioquin

118 2455 190 2490 pr,
218 2454 365 2491 aioqui
391 2456 427 2480 a.
