1630 2678
519 140 875 178 EPISTULARUM
902 140 954 178 V1
981 145 1088 178 2-5.
1414 142 1497 187 147

765 257 839 299 IV.
931 269 1058 316 m,
1128 278 1237 341 (⁴¹4⁴

385 343 430 379 c.
449 343 651 377 PLINIUS
679 343 999 377 CALPURNIAE
1027 343 1052 376 S
1091 343 1156 376 ΑΕ
1184 343 1222 377 S.

184 422 443 483 :Numquam
499 439 596 468 sum
653 424 794 482 magis
855 424 909 467 de
966 424 1330 480 occupationibus
1392 424 1501 468 meis
1530 436 1549 468 1

101 487 303 543 questus,
339 500 453 543 quae
483 500 553 529 me
583 500 676 529 non
713 488 818 529 sunt
849 500 1002 542 passae
1042 488 1118 528 aut
1149 484 1501 555 proficiscentem

57 565 76 595 s
100 548 146 591 te
176 546 443 591 valetudinis
482 561 617 591 causa
652 546 699 590 in
732 545 1018 604 Campaniam
1056 547 1266 603 prosequi
1297 549 1374 590 aut
1403 561 1503 616 pro—

14 632 18 634 *
98 606 262 653 fectum
313 623 338 652 e
387 608 575 666 vestigio
627 607 847 665 subsequi.
910 606 1044 651 Nunc
1101 608 1218 650 enim
1268 608 1503 666 praecipue
1529 620 1550 652 2

100 668 236 714 simul
271 683 367 714 esse
408 669 658 726 cupiebam,
701 671 752 712 ut
791 669 931 712 oculis
963 668 1072 712 meis
1111 669 1352 725 crederem,
1397 668 1503 726 quid

99 729 288 787 viribus,
340 729 447 787 quid
489 730 753 788 corpusculo
799 730 1052 786 adparares,
1112 730 1270 787 ecquid
1315 730 1503 787 denique

100 805 299 836 secessus
330 791 582 849 voluptates
620 791 902 850 regionisque
941 791 1256 834 abundantiam
1287 791 1504 835 inoffensa

37 870 77 899 ιο
99 852 434 897 transmitteres.
508 851 729 910 Equidem
779 853 912 896 etiam
962 852 1122 895 fortem
1174 855 1217 896 te
1268 867 1359 896 non
1410 853 1504 896 sine
1530 864 1552 897 3

101 927 208 958 cura
243 913 554 971 desiderarem3
594 916 661 958 est
702 914 819 957 enim
858 927 1121 970 suspensum
1160 916 1204 956 et
1236 915 1414 957 anxium
1450 913 1504 957 de

101 989 174 1033 eo,
214 989 346 1032 quem
386 974 691 1019 ardentissime
732 974 910 1032 diligas,
954 975 1176 1018 interdum
1218 975 1331 1018 nihil
1374 975 1503 1019 scire·

98 1050 220 1080 nunc
262 1050 367 1080 vero
411 1051 482 1080 me
527 1051 628 1080 cum
672 1035 895 1080 absentiae
945 1038 1041 1079 tum
1086 1035 1357 1079 infirmitatis
1402 1038 1504 1079 tuae

98 1097 214 1142 ratio
257 1096 425 1142 incerta
468 1099 512 1141 et
555 1097 677 1140 varia
721 1096 1019 1141 sollicitudine
1070 1100 1272 1140 exterret.
1337 1097 1504 1140 Vereor
1529 1108 1553 1142 4

4 1176 76 1214 ιι
101 1157 269 1216 omnia,
308 1158 530 1228 imaginor
562 1159 729 1213 omnia,
771 1173 971 1227 quaeque
1011 1161 1171 1201 natura
1211 1158 1503 1202 metuentium

8 1225 24 1274 ᾗ
100 1221 188 1277 est,
223 1234 276 1264 ea
305 1220 497 1264 maxime
534 1220 663 1276 mihi,
701 1235 813 1276 quae
852 1219 1042 1263 maxime
1080 1220 1329 1275 abominor,
1368 1219 1501 1277 fingo.

14 1333 17 1337 Ι
101 1279 199 1334 Quo
240 1280 483 1338 impensius
527 1295 656 1339 rogo,
701 1284 752 1324 ut
788 1281 939 1324 timori
978 1295 1076 1324 meo
1116 1280 1277 1324 cotidie
1316 1281 1552 1339 singuliss

8 1339 14 1394 ¹.
100 1342 172 1386 vel
202 1341 336 1386 etiam
368 1341 485 1386 binis
518 1342 719 1398 epistulis
753 1342 970 1386 consulas.
1033 1341 1123 1384 Ero
1151 1342 1268 1384 enim
1296 1342 1504 1398 securior,

6 1409 11 1412 ’
100 1401 205 1447 dum
236 1403 357 1462 lego,
396 1403 634 1460 statimque
666 1403 851 1458 timebo,
884 1418 984 1447 cum
1017 1403 1179 1460 legem.
1233 1402 1354 1446 Vale.

3 1516 77 1575 Γ,
776 1516 815 1554 V
905 1511 930 1545 d
973 1508 1113 1554 ‚Y‘zo
1369 1537 1411 1575 ><

496 1603 539 1637 C.
559 1604 762 1637 PLINIUS
791 1603 920 1636 URSO
949 1602 1044 1636 SUO
1073 1603 1110 1636 S.

188 1681 460 1741 Scripseram
486 1683 680 1727 tenuisse
694 1682 939 1735 Varenum,
971 1685 1022 1725 ut
1047 1682 1133 1726 sibi
1159 1697 1341 1726 evocare
1366 1686 1501 1726 testes
1532 1696 1550 1728 1

98 1744 272 1800 liceret3
303 1745 423 1801 quod
454 1745 656 1802 pluribus
689 1758 898 1800 aequum,
930 1743 1192 1812 quibusdam
1224 1744 1426 1800 iniquum
1459 1747 1504 1787 et

102 1805 280 1863 quidem
323 1805 608 1863 pertinaciter
651 1805 815 1860 visum,
871 1805 1061 1848 maxime
1105 1803 1278 1849 Licinio
1322 1804 1503 1862 Nepoti,

0 1870 15 1934 ξ
39 1884 76 1913 ss
102 1866 181 1924 qui
210 1866 411 1923 sequenti
444 1868 616 1921 senatu,
650 1880 749 1909 cum
783 1838 836 1909 d'e
867 1866 998 1909 rebus
1031 1865 1130 1909 aliis
1162 1865 1415 1919 referretur,
1449 1866 1503 1909 de

101 1927 306 1984 proximo
338 1930 517 1971 senatus
550 1927 754 1970 consulto
794 1926 1001 1970 disseruit
1031 1927 1292 1983 finitamque
1324 1942 1502 1971 causam

101 1988 369 2034 retractavit.
432 1986 618 2031 Addidit
648 1988 779 2031 etiam
818 1988 1057 2045 petendum
1089 2003 1115 2031 a
1146 1988 1420 2042 consulibus,
1453 1991 1503 2031 ut
1528 2000 1550 2032 2

10 2076 13 2091 2
100 2049 315 2095 referrent
346 2049 427 2093 sub
460 2049 663 2105 exemplo
700 2049 812 2107 legis
845 2049 1037 2092 ambitus
1076 2049 1129 2092 de
1160 2050 1260 2107 lege
1299 2021 1502 2105 repetun-

9 2119 14 2127 “
102 2110 277 2167 darum,
317 2126 374 2154 an
414 2110 607 2167 placeret
643 2109 690 2153 in
727 2109 925 2154 futurum
965 2110 1021 2154 ad
1059 2125 1155 2154 eam
1193 2110 1336 2168 legem
1375 2110 1503 2165 adici,

39 2189 79 2218 so
101 2174 173 2230 ut,
201 2172 317 2217 sicut
348 2170 678 2215 accusatoribus
710 2171 959 2228 inquirendi
991 2171 1268 2227 testibusque
1301 2171 1502 2214 denunti-

101 2232 207 2279 nudi
236 2235 434 2291 potestas
474 2247 527 2275 ex
561 2246 612 2275 ea
642 2232 740 2290 lege
772 2237 905 2288 esset,
943 2232 1006 2275 ita
1036 2232 1123 2275 reis
1157 2246 1334 2289 quoque
1365 2231 1501 2276 fieret.

101 2248 320 2351 Puni-ulia,
357 2293 517 2351 quibus
549 2292 658 2336 haec
690 2292 783 2337 eius
822 2265 964 2337 ora'tio
998 2296 1048 2336 ut
1080 2308 1176 2336 sera
1217 2296 1261 2336 et
1291 2292 1502 2350 intempe-
1528 2304 1550 2338 8

202 2416 250 2450 14
275 2415 427 2451 exercet
454 2412 675 2449 Markland.
703 2414 807 2459 epist.
828 2414 909 2450 crit.
930 2424 971 2459 Ρ.
995 2416 1077 2449 115.
1185 2416 1229 2449 15
1256 2412 1373 2460 imag.
1400 2423 1501 2449 omn.

102 2472 174 2501 om.
194 2461 346 2510 Dpra.
371 2484 412 2489 —
435 2463 672 2498 metuentum
703 2461 762 2506 M,
791 2461 841 2498 K.
864 2462 898 2506 Ι,
926 2462 1044 2499 Merr.
1149 2465 1192 2498 17
1221 2461 1318 2508 sing.
1340 2462 1413 2498 cot.
1431 2473 1499 2508 pr.

1210 2535 1280 2570 10⁸
