1716 2742
133 309 154 342 2

134 560 155 592 3

133 748 156 780 4

183 120 274 166 362
792 119 843 181 C.>
859 119 995 157 PL1N1

184 235 497 292 circumvenis,
530 249 612 279 nec
644 234 778 279 unius
812 235 955 280 oculis
989 235 1194 293 flumina,
1234 237 1431 293 montes,
1469 234 1609 280 maria

183 297 450 342 deserviunt.
495 297 599 356 Est,
626 298 746 356 quod
768 296 929 343 Caesar
946 313 1040 343 non
1060 314 1191 342 suum
1211 298 1380 357 videat,
1410 298 1609 342 tandem-

184 376 269 418 que
301 360 540 418 imperium
574 360 791 419 principis
826 376 960 419 quam
993 361 1318 419 patrimonium
1351 361 1496 406 maius
1529 363 1609 406 est.

182 423 326 467 Multa
365 422 484 467 enim
525 439 579 468 ex
618 424 893 482 patrimonio
936 424 1073 468 refert
1110 424 1159 468 in
1199 423 1457 483 imperium,
1498 438 1610 481 quae

183 486 354 543 priores
387 486 613 544 principes
653 487 952 545 occupabant,
995 502 1088 531 non
1126 489 1178 531 ut
1216 487 1305 545 ipsi
1342 487 1612 544 fruerentur,

184 548 260 593 sed
292 564 349 593 ne
384 549 484 606 quis
518 550 644 594 alius.
708 549 833 609 Ergo
860 550 908 594 in
928 550 1120 610 vestigia
1147 549 1361 608 sedesque
1386 549 1611 595 nobilium

182 611 429 671 inmigrant
468 628 597 670 pares
639 613 829 670 domini,
860 628 943 658 nec
982 613 1072 657 iam
1106 612 1458 658 clarissimorum
1496 613 1612 657 viro-

182 690 283 719 rum
325 676 609 733 receptacula
649 676 904 720 habitatore
947 690 1075 720 servo
1119 678 1327 720 teruntur
1365 678 1443 720 aut
1481 675 1614 720 foeda

183 737 392 783 vastitate
412 738 726 796 procumbunt.
786 738 932 783 Datur
951 738 1118 783 intueri
1137 739 1462 797 pulcherrimas
1483 737 1612 783 aedes

183 799 358 845 deterso
402 801 493 845 situ
535 804 688 847 auctas
732 817 784 847 ac
822 802 1038 861 vigentes.
1103 801 1320 861 Magnum
1359 802 1447 846 hoc
1483 804 1614 846 tuum

182 879 277 908 non
309 879 415 923 erga
447 864 653 909 homines
688 865 841 923 modo,
876 865 955 910 sed
982 880 1089 924 erga
1114 867 1234 909 tecta
1259 865 1359 923 ipsa
1390 864 1614 922 meritum,

183 927 339 972 sistere
358 927 532 986 ruinas,
558 928 846 972 solitudinem
864 928 1051 986 pellere,
1079 928 1282 987 ingentia
1296 943 1432 986 opera
1446 927 1615 985 eodem,

185 1005 273 1048 quo
308 993 509 1035 extructa
542 993 666 1048 sunt,
699 991 849 1035 animo
884 991 939 1036 ab
972 991 1159 1036 interitu
1192 991 1431 1036 vindicare.
1489 990 1617 1035 Muta

186 1052 367 1110 quidem
399 1053 479 1098 illa
512 1057 557 1099 et
589 1054 738 1099 anima
768 1054 966 1099 carentia
999 1054 1163 1099 sentire
1195 1056 1348 1098 tamen
1381 1056 1426 1098 et
1457 1053 1616 1098 laetari

184 1116 413 1174 videntur,
446 1116 565 1175 quod
599 1117 791 1174 niteant,
833 1117 954 1175 quod
986 1117 1346 1175 frequententur,
1382 1117 1502 1174 quod
1535 1116 1616 1161 ali-

187 1179 366 1237 quando
411 1179 640 1238 coeperint
678 1196 774 1225 esse
818 1180 991 1225 domini
1031 1180 1226 1225 scientis.
1294 1178 1619 1225 Circumfertur

186 1242 269 1287 sub
311 1242 494 1288 nomine
540 1241 743 1288 Caesaris
786 1243 943 1288 tabula
984 1243 1143 1302 ingens
1185 1258 1335 1288 rerum
1378 1242 1617 1300 venalium,

187 1320 296 1363 quas
311 1305 464 1363 rapuit
486 1306 747 1351 detestanda
767 1306 955 1351 avaritia
975 1306 1118 1364 illius,
1139 1306 1217 1364 qui
1236 1308 1329 1350 tam
1351 1306 1496 1351 multa
1516 1320 1619 1350 con-

186 1368 457 1426 cupiscebat,
491 1384 593 1414 cum
627 1369 813 1414 haberet
846 1384 1123 1428 supervacua
1155 1371 1248 1413 tam
1282 1369 1436 1413 multa.
1503 1367 1619 1413 Tum

186 1431 379 1476 exitialis
414 1434 510 1476 erat
549 1432 670 1491 apud
708 1432 960 1491 principem
1000 1431 1108 1477 huic
1145 1431 1292 1476 laxior
1331 1432 1512 1490 domus,
1549 1431 1619 1476 illi

187 1494 417 1540 amoenior
449 1495 576 1553 villa3
608 1511 729 1540 1111110
761 1495 972 1554 princeps
1005 1495 1054 1539 111
1085 1495 1196 1540 haec
1230 1494 1383 1540 eadem
1411 1494 1619 1539 dominos

188 1557 381 1616 quaerit,
421 1558 518 1616 ipse
551 1558 742 1617 inducit3
781 1559 906 1617 ipsos
938 1558 1042 1604 illos
1077 1559 1231 1617 magni
1263 1557 1506 1616 aliquando
1539 1557 1620 1602 im-

186 1621 405 1679 peratoris
445 1621 623 1679 hortos,
671 1621 785 1666 illud
835 1637 1083 1680 numquam
1133 1621 1223 1666 11151
1267 1619 1468 1666 Caesaris
1519 1620 1615 1666 sub-

187 1684 407 1728 urbanum
429 1684 636 1743 licemur,
664 1685 874 1743 emimus,
901 1684 1154 1743 implemus.
1202 1683 1347 1729 Tanta
1365 1683 1620 1743 benignitas

186 1746 423 1805 principis,
466 1750 594 1792 tanta
636 1748 852 1793 securitas
895 1751 1152 1822 temporum
1196 1750 1281 1805 est,
1325 1750 1377 1792 ut
1417 1747 1495 1792 ille
1536 1760 1620 1791 nos

187 1810 513 1868 principalibus
534 1810 668 1856 rebus
690 1811 918 1856 existimet
939 1811 1120 1871 dignos,
1151 1825 1234 1855 nos
1254 1825 1348 1855 non
1367 1809 1622 1867 timeamus,

189 1873 310 1931 quod
353 1889 447 1919 esse
488 1874 614 1933 digni
653 1874 869 1919 videmur.
934 1873 1032 1920 Nec
1073 1889 1180 1918 vero
1225 1873 1402 1918 emendi
1443 1874 1622 1917 tantum

190 1936 362 1981 civibus
396 1936 485 1982 tuis
520 1937 698 1995 copiam
731 1937 937 1996 praebes,
970 1937 1047 1982 sed
1075 1936 1391 1982 amoenissima
1419 1951 1622 1994 quaeque

187 1999 367 2058 largiris
395 2002 440 2044 et
467 2000 625 2058 donas,
658 2000 765 2059 ista,
796 2001 1001 2059 inquam,
1036 2000 1195 2059 donas,
1227 2000 1276 2044 in
1303 2014 1417 2057 quae
1443 1999 1624 2056 electus,

189 2062 237 2107 in
264 2077 377 2121 quae
405 2062 644 2121 adoptatus
679 2078 744 2108 es:
778 2063 1014 2121 transfers,
1048 2063 1169 2121 quod
1195 2062 1363 2108 iudicio
1397 2062 1624 2121 accepisti,

190 2126 397 2233 {Obnihss
436 2127 580 2186 magis
619 2129 749 2171 tuum
790 2126 954 2184 credis,
998 2142 1132 2185 quam
1175 2126 1296 2184 quod
1335 2141 1416 2184 per
1456 2125 1623 2170 amicos

224 2204 248 2232 a
282 2205 341 2234 es.

294 2318 313 2350 1
354 2315 508 2351 montes
547 2325 652 2351 wnus
690 2313 729 2350 A
770 2313 1002 2361 (Stro'mberq
1042 2313 1200 2350 Eranos
1235 2312 1291 2350 II
1312 2313 1392 2359 47),
1428 2311 1476 2358 cf.
1505 2323 1626 2359 supra

188 2375 227 2410 p.
251 2367 336 2410 334,
365 2367 426 2411 32,
454 2364 582 2401 fontes
609 2363 691 2401 rell.
713 2364 835 2410 codd„
862 2364 946 2401 edd.
968 2375 1105 2401 omnes.
1211 2363 1282 2400 18*
1310 2373 1408 2410 quas
1429 2361 1625 2412 <rap>uit

193 2425 269 2461 eye,
296 2415 343 2460 cf.
368 2426 409 2462 p.
431 2417 518 2460 354,
538 2417 575 2461 8,
603 2413 708 2461 quod
729 2414 782 2451 sit
803 2416 865 2461 M,
885 2414 991 2462 quod
1011 2413 1057 2450 fit
1077 2415 1129 2451 Μ
1134 2414 1157 2459 ’,
1185 2425 1261 2461 quo
1282 2413 1328 2450 fit
1347 2413 1538 2459 Perizon„
1559 2412 1625 2458 K„

194 2464 349 2511 Baehr.,
377 2477 454 2512 quo
482 2465 534 2502 sit
561 2465 663 2511 Liv„
692 2465 842 2512 Muell„
871 2464 977 2512 quod
1003 2463 1100 2501 fecit
1129 2463 1272 2512 Gieriy.
1432 2465 1480 2500 20
1506 2462 1626 2500 latior

195 2514 336 2552 Baehr.
441 2519 487 2551 22
514 2515 586 2552 hos
615 2516 686 2562 (vel
713 2516 792 2563 eos>
818 2526 890 2563 pro
916 2514 1006 2552 illos
1035 2515 1258 2562 Bornecqwe
1282 2525 1320 2561 p.
1340 2515 1426 2552 209.

1642 815 1677 842 10

1644 1129 1678 1157 15

1645 1446 1682 1474 20

1647 1760 1716 1806 254

1651 2077 1687 2106 30
