1716 2742
466 113 837 152 EPISTULARUM
863 113 938 151 V11
965 118 1099 151 9—11.
1426 116 1514 161 185

61 232 198 278 metri
234 232 504 278 necessitate
545 231 744 277 devincti
778 232 929 276 soluta
962 231 1166 276 oratione
1201 231 1425 276 laetamur
1459 234 1516 287 et,

63 295 187 355 quod
198 295 380 342 facilius
394 311 492 341 esse
506 295 787 354 comparatio
803 295 1017 353 ostendit,
1028 294 1246 339 libentius
1261 294 1514 339 scribimus.

157 357 312 404 Habes
338 359 471 418 plura
501 359 638 404 etiam
664 358 876 416 fortasse,
905 373 1040 416 quam
1069 357 1344 416 requirebas,
1372 373 1514 402 unum
1545 369 1591 402 15

63 425 218 468 tamen
250 422 406 481 omisi3
448 438 543 467 non
576 422 698 467 enim
733 421 845 480 dixi,
881 437 995 480 quae
1029 421 1222 482 legenda
1254 421 1515 466 arbitrarer:

21 500 38 528 5
65 501 344 559 quamquam
377 486 484 544 dixi,
512 501 615 531 cum
643 485 851 542 dicerem,
887 501 1002 542 quae
1029 484 1278 530 scribenda.
1326 484 1396 529 Tu
1423 500 1515 529 me-

62 549 248 599 mineris
276 550 347 595 sui
373 549 594 608 cuiusque
621 549 799 608 generis
827 552 1034 593 auctores
1062 548 1304 608 diligenter
1337 548 1515 608 eligere.
1530 543 1534 547 ’

62 613 209 658 Aiunt
248 613 369 658 enim
410 614 607 657 multum
640 612 885 672 legendum
930 627 1045 669 esse,
1079 627 1173 656 non
1207 612 1360 656 multa.
1427 610 1517 664 Qui
1546 622 1591 656 16

66 676 160 722 sint
196 676 266 733 hi,
305 676 418 722 adeo
457 679 620 721 notum
654 676 990 734 probatumque
1031 679 1118 733 est,
1152 678 1204 719 ut
1237 675 1517 719 demonstra-

62 740 190 786 tione
231 755 327 785 non
369 742 518 800 egeat3
558 742 604 784 et
646 740 820 797 alioqui
865 743 960 784 tam
1006 739 1232 783 inmodice
1272 738 1517 796 epistulam

0 820 37 847 10
63 803 265 859 extendi,
298 806 370 861 ut,
409 803 516 848 dum
556 803 660 861 tibi,
701 803 1084 861 quemadmodum
1118 802 1299 847 studere
1339 802 1516 859 debeas,

64 867 252 925 suadeo,
285 866 499 912 studendi
530 869 711 925 tempus
746 866 1024 911 abstulerim.
1073 865 1193 918 Quin
1226 881 1334 924 ergo
1369 865 1517 924 pugil-

62 931 181 976 lares
219 929 413 976 resumis
446 933 492 976 et
525 930 698 988 aliquid
732 946 788 974 ex
820 930 891 974 his
926 931 999 974 vel
1032 929 1155 974 istud
1189 930 1360 987 ipsum,
1394 928 1515 985 quod

64 1009 298 1053 coeperas,
333 993 525 1039 scribis?
591 993 718 1038 Vale.

1190 1092 1354 1133 ‘sswe

1201 1106 1230 1131 V

1191 1141 1246 1156 κ’

763 1100 812 1139 X.
897 1109 929 1142 sl.
997 1090 1141 1148 :0⁶20

0 1200 34 1228 15
426 1189 468 1223 C.
491 1189 700 1224 PLINIUS
728 1189 961 1224 MACRINO
991 1189 1088 1223 &Uo
1119 1189 1157 1222 S.

159 1271 277 1327 Quia
318 1273 436 1332 ipse,
486 1288 589 1318 cum
633 1273 782 1331 prima
825 1273 1040 1332 cognovi,
1084 1273 1270 1331 iungere
1315 1274 1516 1315 extrema
1547 1283 1566 1316 1

63 1336 195 1395 quasi
215 1336 375 1381 avulsa
396 1337 552 1395 cupio,
585 1339 630 1381 te
659 1351 842 1395 quoque
871 1336 1081 1380 existimo
1113 1336 1230 1379 velle
1258 1334 1312 1378 de
1335 1333 1516 1378 Vareno

62 1402 108 1444 et
133 1399 348 1458 Bithynis
374 1400 553 1458 reliqua
585 1415 872 1460 cognoscere.
939 1399 1057 1444 Acta
1084 1414 1220 1444 causa
1246 1398 1353 1442 hinc
1381 1414 1407 1441 a
1435 1397 1518 1442 Po-

61 1464 249 1523 lyaeno,
273 1463 378 1508 inde
399 1462 622 1523 aMagno.
658 1463 821 1507 Finitis
846 1463 1101 1507 actionibus
1118 1460 1517 1506 Caesar‘Neutra'
1545 1473 1566 1505 2

0 1541 37 1570 πο
62 1526 215 1586 inquit
249 1526 376 1585 ‘pars
410 1527 464 1579 de
498 1542 627 1571 mora
661 1529 894 1584 queretur3
929 1526 1015 1570 erit
1048 1525 1161 1569 mihi
1195 1540 1329 1570 curae
1363 1525 1517 1583 explo-

61 1606 161 1635 rare
192 1590 455 1650 provinciae
481 1590 797 1635 voluntatem?
868 1589 1065 1633 Multum
1098 1588 1280 1633 interim
1310 1588 1517 1633 Varenus
1545 1599 1567 1632 3

61 1653 183 1698 tulit.
248 1653 434 1699 Etenim
470 1670 607 1712 quam
643 1653 832 1698 dubium
867 1655 955 1709 est,
989 1668 1047 1696 an
1075 1652 1236 1696 merito
1265 1655 1516 1708 accusetur,

63 1717 149 1776 qui
177 1733 236 1762 an
269 1718 456 1762 omnino
491 1719 748 1774 accusetur,
788 1716 1009 1760 incertum
1047 1716 1136 1760 est!
1181 1714 1417 1774 Superest,
1460 1731 1517 1759 ne

61 1795 219 1825 rursus
273 1781 559 1839 provinciae,
621 1780 742 1837 quod
795 1780 1032 1824 damnasse
1086 1779 1271 1836 dicitur,
1325 1780 1517 1837 placeat,

0 1858 37 1888 ⁸5
65 1846 261 1903 agatque
294 1844 622 1902 paenitentiam
658 1843 963 1901 paenitentiae
998 1858 1116 1887 suae.
1184 1841 1311 1887 Vale.

758 1961 829 2000 XI.
907 1946 1134 2026 ‘adalam
1156 1951 1414 2000 ’ΜᾹΜίῘιῖμιι

279 2051 322 2085 C.
345 2052 554 2085 PLINIUS
581 2051 785 2086 FABATO
812 2051 1116 2086 PROSOCERO
1146 2051 1243 2085 SUO
1274 2051 1313 2084 S.

19 2183 22 2186 ,
158 2134 361 2192 Miraris,
396 2135 519 2192 quod
554 2134 766 2192 Hermes,
805 2126 996 2179 libertus
1031 2150 1177 2191 meus,
1218 2133 1515 2178 hereditarios
1546 2146 1564 2178 1

63 2214 218 2259 agros,
272 2213 386 2256 quos
441 2213 525 2257 ego
573 2199 793 2243 iusseram
845 2198 1087 2256 proscribi,
1140 2213 1235 2242 non
1282 2199 1517 2255 expectata

0 2275 38 2305 to
63 2263 274 2308 auctione
317 2277 400 2320 pro
446 2277 546 2306 meo
593 2261 846 2319 quincunce
888 2277 943 2306 ex
984 2261 1287 2320 septingentis
1329 2260 1515 2304 milibus

169 2379 188 2411 1
204 2374 380 2412 devincti
393 2374 548 2421 Dpra,
565 2374 718 2419 Muell„
731 2374 868 2419 Meron,
881 2372 1074 2411 devinctis
1090 2373 1152 2418 M,
1167 2372 1349 2409 defuncti
1363 2373 1516 2418 Barth„

66 2425 194 2472 Gesn„
223 2426 276 2463 K.
300 2426 356 2471 II,
385 2424 564 2461 deiuncti
592 2424 645 2461 K.
668 2425 703 2470 Ι,
729 2424 797 2461 secl
822 2424 872 2470 εἰ.
895 2424 973 2462 Cic.
1002 2424 1049 2461 de
1074 2423 1157 2469 fato
1186 2426 1221 2469 9,
1247 2425 1310 2460 20.
1417 2426 1437 2459 7
1466 2424 1515 2469 cf.

67 2455 230 2524 Quint’il.
259 2476 305 2513 X
331 2480 365 2522 1,
395 2479 456 2513 59.
582 2478 605 2512 8
631 2473 786 2522 probat.
815 2475 880 2521 M,
907 2475 974 2520 K.,
1009 2474 1146 2519 Merr„
1179 2475 1387 2522 pervagat.
1418 2474 1515 2519 Otto,

65 2527 217 2572 Muezl„
238 2528 439 2574 provocat.
462 2527 504 2563 D
511 2538 573 2573 10¹
586 2538 628 2571 a,
649 2525 872 2573 provulgat.
896 2525 1056 2573 Gzemy
1077 2524 1298 2572 pervulgat.
1322 2524 1515 2571 Sohaeser.
