1716 2742
21 845 58 873 10

20 1158 57 1185 15

20 1472 58 1500 20

20 1785 58 1813 25

498 108 863 146 EPISTULARUM
889 108 943 144 IX
971 111 1104 145 6-10.
1426 111 1516 155 237

1226 175 1237 194 ι

82 224 246 270 videar.
312 222 420 282 Sed,
452 223 560 268 licet
591 223 764 280 videar,
798 223 949 267 omnia
989 223 1156 281 scripta
1193 226 1272 267 tua
1311 223 1518 281 pulcher-

82 287 198 332 rima
217 286 438 344 existimO,
458 286 654 330 maxime
674 288 825 330 tamen
845 286 936 343 illa,
953 300 1065 343 quae
1087 286 1140 330 de
1160 286 1305 330 nobis.
1339 285 1519 331 Accidit
1545 299 1566 330 2

82 349 171 396 hoc
195 365 287 394 una
312 349 555 407 eademque
583 349 636 393 de
664 363 807 393 causa.
873 347 992 393 Nam
1021 351 1066 392 et
1091 351 1161 405 tu,
1188 364 1301 406 quae
1329 348 1383 393 de
1411 348 1518 392 ami-

83 413 168 469 cis,
194 412 365 470 optime
391 411 570 468 scribis,
597 414 643 455 et
669 426 774 470 ego,
795 426 909 468 quae
937 411 990 455 de
1017 426 1105 467 me,
1133 414 1184 454 ut
1211 411 1382 469 optima
1401 412 1517 471 lego.

82 474 208 520 Vale.

454 623 497 658 C.
518 623 722 657 PLINIUS
752 622 955 656 COLONO
984 621 1080 656 SUO
1110 621 1149 656 S.

176 705 321 751 Um‘ce
363 705 526 764 probo,
567 705 688 764 quod
734 704 924 762 Pompei
964 703 1197 757 Quintiani
1236 707 1381 748 morte
1423 707 1518 748 tam
1547 719 1565 750 1

83 768 288 813 dolenter
320 768 545 825 adficeris,
577 770 628 812 ut
661 767 815 811 amissi
849 767 1080 811 caritatem
1115 766 1333 811 desiderio
1368 770 1518 811 exten-

83 831 180 889 das,
212 847 307 876 non
338 834 391 875 ut
422 831 644 890 plerique,
680 830 757 887 qui
789 832 967 874 tantum
1007 830 1209 873 viventes
1250 832 1402 873 amant
1442 844 1520 874 seu

82 894 236 952 potius
269 909 419 938 amare
452 909 498 938 se
532 893 748 938 simulant
781 908 833 937 ac
865 908 922 937 ne
956 892 1172 936 simulant
1198 892 1398 949 quidem,
1431 892 1521 937 nisi

84 971 198 1014 quos
231 956 442 1002 fiorentes
482 956 646 1000 vident.
711 954 832 1000 Nam
865 955 1132 999 miserorum
1171 970 1264 999 non
1303 970 1430 999 secus
1468 970 1520 999 ac

83 1019 399 1064 defunctorum
427 1019 768 1064 obliviscuntur.
824 1017 912 1062 Sed
938 1018 1023 1062 tibi
1050 1018 1258 1075 perennis
1285 1017 1396 1061 fides
1423 1020 1519 1062 tan-

82 1084 219 1140 taque
260 1081 309 1126 in
351 1097 502 1126 amore
542 1081 813 1138 constantia,
856 1083 908 1124 ut
949 1081 1071 1124 finiri
1115 1080 1205 1124 nisi
1250 1083 1329 1124 tua
1374 1083 1519 1124 morte

82 1160 176 1189 non
207 1144 363 1203 possit.
427 1144 489 1188 Et
521 1144 703 1189 hercule
742 1144 780 1188 is
820 1143 909 1188 fuit
949 1143 1239 1200 Quintianus,
1280 1158 1413 1200 quem
1456 1143 1519 1187 di-
1546 1156 1567 1187 2

81 1207 166 1267 ligi
205 1207 361 1252 deceat
398 1207 542 1265 ipsius
583 1207 801 1264 exemplo.
876 1205 1049 1250 Felices
1093 1206 1290 1263 amabat,
1332 1206 1519 1250 miseros

82 1269 314 1328 tuebatur,
346 1269 628 1314 desiderabat
661 1269 862 1314 amissos.
927 1267 1023 1312 Iam
1057 1269 1136 1312 illa
1169 1271 1338 1326 quanta
1370 1268 1520 1326 probi-

82 1335 152 1378 tas
185 1333 234 1377 in
266 1348 366 1391 ore,
399 1335 566 1390 quanta
607 1332 655 1376 in
698 1347 903 1376 sermone
946 1331 1198 1388 cunctatio,
1241 1346 1377 1388 quam
1422 1330 1521 1389 pari

81 1395 199 1440 libra
245 1396 443 1455 gravitas
491 1395 787 1452 comitasque!
841 1395 962 1452 quod
1009 1394 1208 1438 studium
1254 1394 1521 1451 litterarum,

84 1458 206 1516 quod
257 1458 492 1503 iudicium!
546 1474 636 1515 qua
680 1458 848 1515 pietate
895 1472 996 1501 cum
1044 1456 1346 1501 dissimillimo
1392 1459 1520 1514 patre
1552 1509 1558 1518 ι

82 1521 280 1566 vivebat!
321 1536 454 1578 quam
488 1536 582 1566 non
616 1521 824 1565 obstabat
856 1520 944 1576 illi,
978 1535 1067 1576 quo
1109 1520 1257 1563 minus
1297 1519 1367 1563 vir
1406 1519 1520 1577 opti-

83 1599 183 1629 mus
217 1583 460 1637 videretur,
496 1583 618 1642 quod
652 1586 747 1628 erat
775 1583 973 1640 optimus
1000 1582 1143 1626 filius!
1193 1581 1281 1626 Sed
1308 1581 1417 1640 quid
1443 1582 1520 1626 do-

81 1647 225 1691 lorem
257 1648 387 1691 tuum
422 1646 662 1691 exulcero?
716 1645 999 1702 Quamquam
1019 1645 1084 1689 sic
1110 1644 1271 1688 amasti
1297 1644 1519 1702 iuvenem,
1548 1657 1568 1689 3

82 1711 135 1754 ut
165 1709 254 1754 hoc
286 1709 438 1768 potius
473 1724 608 1767 quam
642 1709 696 1752 de
729 1708 808 1752 illo
843 1707 966 1751 sileri
998 1707 1127 1765 velis,
1161 1723 1204 1754 a
1219 1723 1290 1751 me
1321 1723 1518 1765 praeser-

82 1772 187 1829 tim,
218 1772 346 1817 cuius
378 1772 711 1842 praedicatione
744 1773 877 1828 putas
910 1770 1051 1814 vitam
1091 1770 1186 1814 eius
1227 1770 1396 1826 ornari,
1429 1785 1519 1814 me-

84 1835 274 1879 moriam
325 1834 562 1893 prorogari
612 1834 848 1891 ipsamque
900 1833 1044 1890 illam,
1091 1848 1180 1890 qua
1233 1835 1299 1877 est
1350 1835 1519 1890 raptus,

84 1899 275 1942 aetatem
307 1912 440 1955 posse
472 1897 662 1941 restitui.
728 1895 853 1940 Vale.

775 2012 825 2052 X.

463 2095 506 2130 C.
527 2095 733 2129 PLINIUS
761 2094 947 2129 TACITO
977 2094 1074 2129 SUO
1104 2095 1142 2130 S.

179 2177 323 2236 Cupio
370 2178 621 2236 praeceptis
667 2178 757 2222 tuis
800 2193 975 2235 parere3
1019 2177 1096 2221 sed
1138 2192 1349 2235 aprorum
1392 2180 1519 2222 tanta
1548 2191 1566 2223 1

84 2242 273 2300 penuria
311 2243 399 2298 est,
440 2243 491 2284 ut
529 2240 757 2284 Minervae
797 2243 841 2284 et
883 2239 1074 2297 Dianae,
1108 2255 1218 2297 quas
1253 2239 1317 2284 ais
1351 2240 1520 2298 pariter

106 2358 111 2361 -
185 2344 207 2376 2
229 2350 332 2387 quae
353 2352 389 2386 a,
412 2339 562 2385 Gatan„
579 2339 730 2384 Muell„
751 2338 857 2385 quod
872 2347 946 2385 ps,
966 2350 1036 2375 om.
1060 2339 1112 2374 M
1120 2339 1204 2383 Dr,
1226 2338 1278 2375 K.
1385 2343 1430 2376 16
1453 2338 1519 2376 de-

85 2390 174 2427 ceat
188 2390 322 2436 Mra,
342 2391 458 2438 vulq„
478 2389 598 2426 liceat
611 2389 665 2435 D,
687 2387 836 2425 licebat
850 2397 932 2436 ps,
954 2387 1121 2425 decebat
1136 2388 1287 2434 Gatan„
1302 2388 1350 2434 cf.
1372 2390 1402 2426 I
1414 2391 1452 2435 2,
1473 2392 1498 2427 3
1505 2404 1520 2436 ,·

93 2440 154 2478 VI
173 2442 237 2486 21,
259 2444 304 2486 1;
326 2441 436 2478 VIII
456 2443 492 2486 7,
511 2442 547 2477 2.
653 2443 698 2475 17
727 2438 788 2475 illi
813 2447 878 2476 νς.
993 2443 1037 2475 21
1068 2450 1156 2475 cum
1183 2450 1262 2475 non
1287 2451 1356 2484 ra,
1384 2440 1517 2488 Pomp.

86 2490 195 2528 Laet.
298 2494 346 2527 23
373 2490 554 2528 iuvenem
582 2489 634 2526 M
642 2490 683 2526 D
694 2501 727 2535 r,
753 2489 947 2526 viventem
970 2497 1079 2535 psa.
