1630 2678
0 135 5 153 '¹
69 111 99 147 '⁵
449 138 807 179 EPISTULARUM
832 138 887 175 111
912 136 1075 175 21-1v
1102 140 1135 173 1.
1420 136 1478 182 87

81 257 231 316 potest
259 254 528 306 darismaius
567 268 700 310 quam
739 251 882 311 gloria
919 254 964 294 et
999 251 1097 295 laus
1136 252 1180 294 et
1217 248 1481 294 aeternitas?

81 318 146 364 At
171 332 266 363 non
295 319 426 361 erunt
468 318 655 371 aeterna,
700 329 813 371 quae
857 313 1051 370 scripsit:
1094 327 1183 356 non
1225 315 1355 355 erunt
1394 311 1482 354 for-

82 382 211 435 me,
241 379 318 424 ille
341 380 491 422 tamen
516 376 705 433 scripsit,
730 378 956 431 tamquam
982 377 1128 418 essent
1153 374 1312 417 futura.
1358 372 1480 416 Vale.

343 612 394 662 C.
426 611 607 662 PLINI
645 611 901 661 CAECILI
942 609 1225 659 SECUNDI

42 776 61 804 ι
327 743 1232 813 EPISTULARUM

531 889 715 935 LIBER
746 889 1040 943 QUARTUS.

772 1066 804 1106 1.
830 1055 1244 1131 Zac-afara
1261 1065 1293 1104 a.
1328 1037 1562 1124 zjom

290 1142 334 1178 C.
354 1142 556 1176 PLINIUS
581 1142 780 1176 FABATO
806 1141 1099 1176 PROSOCERO
1128 1141 1222 1174 SUO
1251 1140 1288 1174 S.

166 1222 302 1282 Cupis
344 1226 449 1280 post
496 1224 681 1279 longum
731 1226 906 1280 tempus
950 1225 1127 1280 neptem
1171 1227 1293 1265 tuam
1330 1235 1488 1278 meque
1515 1235 1534 1268 1

26 1302 63 1330 ιο
85 1300 178 1330 una
205 1285 365 1329 vidore.
429 1284 610 1328 Gratum
645 1287 712 1328 est
742 1285 919 1340 utrique
950 1287 1165 1339 nostrum,
1198 1283 1316 1340 quod
1349 1282 1487 1339 cupis,

87 1349 243 1391 mutuo
274 1346 534 1390 mehercule.
595 1344 712 1389 Nam
745 1346 934 1389 invicem
971 1359 1053 1388 nos
1092 1343 1339 1388 incredibili
1381 1358 1489 1400 quo·
1513 1358 1536 1391 2

88 1408 189 1452 dam
221 1407 436 1452 desiderio
474 1408 610 1451 vestri
641 1410 859 1463 tenemur,
892 1407 1010 1463 quod
1049 1421 1139 1449 non
1171 1406 1288 1448 ultra
1320 1404 1488 1449 differe-

88 1484 207 1525 mus;
238 1471 371 1526 atque
403 1468 511 1512 adeo
550 1469 637 1511 iam
677 1469 918 1511 sarcinulas
955 1467 1188 1525 alligamus
1225 1466 1488 1523 festinaturi,

89 1532 303 1589 quantum
335 1530 505 1574 itineris
537 1530 649 1573 ratio
688 1530 946 1586 permiserit.
1009 1528 1109 1571 Erit
1140 1543 1245 1583 una,
1278 1527 1353 1571 sed
1394 1527 1488 1571 bre-
1515 1542 1537 1575 3
1563 1560 1576 1571 ,-

27 1606 64 1636 1⁸
87 1593 156 1636 vis
182 1606 327 1635 mora:
358 1591 639 1635 deflectemus
671 1590 718 1633 in
750 1590 929 1643 TuscOS,
961 1604 1051 1633 non
1076 1591 1127 1633 ut
1152 1604 1283 1648 agros
1308 1603 1489 1645 remque
1531 1586 1543 1596 '⁴

87 1653 348 1698 familiarem
376 1653 516 1696 oculis
543 1652 810 1695 subiciamus
838 1651 902 1709 (id
929 1651 1044 1694 enim
1071 1650 1282 1708 postponi
1307 1650 1489 1707 potest),

90 1714 165 1759 sed
196 1717 247 1758 ut
277 1714 516 1773 fungamur
542 1713 691 1756 officio
717 1711 973 1756 necessario.
1026 1710 1248 1769 Oppidum
1276 1714 1343 1755 est
1368 1727 1490 1769 prae-
1515 1726 1538 1759 4

89 1775 173 1820 diis
199 1776 362 1819 nostris
387 1775 582 1818 vicinum
608 1774 788 1829 (nomen
809 1772 1035 1817 Tifernum
1055 1772 1344 1829 Tiberinum),
1371 1772 1489 1829 quod

90 1850 161 1880 me
179 1850 319 1893 paene
337 1835 480 1879 adhuc
498 1849 683 1891 puerum
702 1837 937 1891 patronum
952 1835 1177 1891 cooptavit
1186 1837 1311 1878 tanto
1325 1835 1491 1877 maiore

30 1912 68 1941 so
92 1896 239 1942 studio
266 1899 431 1953 quanto
459 1897 627 1939 minore
652 1895 826 1940 iudicio.
883 1896 1112 1939 Adventus
1139 1910 1260 1939 meos
1287 1895 1490 1951 celebrat,

92 1957 441 2016 profectionibus
474 1958 663 2014 angitur,
696 1957 936 2001 honoribus
969 1957 1142 2015 gaudet.
1206 1955 1257 2000 In
1277 1956 1363 1999 hoc
1395 1970 1491 2014 ego,
1517 1969 1540 2003 5

92 2022 143 2063 ut
172 2018 378 2063 referrem
411 2019 597 2076 gratiam
631 2018 751 2076 (nam
783 2018 901 2062 vinci
934 2019 978 2061 in
1012 2033 1159 2062 amore
1186 2018 1490 2074 turpissimum
1538 2019 1544 2024 “

92 2080 192 2138 est),
223 2080 438 2137 templum
464 2079 650 2136 pecunia
675 2095 772 2123 mea
797 2080 981 2135 extruxi,
1009 2080 1132 2123 cuius
1160 2079 1491 2134 dedicationem,

94 2156 194 2187 cum
244 2141 302 2185 sit
352 2143 572 2198 paratum,
622 2140 796 2184 differre
846 2142 1022 2199 longius
1069 2140 1370 2197 inreligiosum
1413 2142 1490 2183 est.

33 2217 70 2247 κ
94 2202 272 2247 Erimus
305 2216 410 2260 ergo
444 2202 503 2245 ibi
536 2201 822 2245 dedicationis
849 2202 930 2259 die,
963 2217 1093 2258 quem
1121 2202 1251 2258 epulo
1272 2200 1492 2244 celebrare
1518 2214 1540 2247 6

194 2315 210 2348 1
237 2310 322 2347 laus
355 2312 395 2347 et
428 2308 638 2345 aeternitas
671 2308 805 2346 harum
833 2311 875 2346 at
895 2310 994 2355 RF,
1020 2310 1103 2345 laus
1137 2309 1378 2346 aeternitatis
1399 2310 1441 2345 at
1460 2322 1490 2346 r.

97 2364 142 2399 1‘1
181 2370 324 2397 necess.
363 2359 463 2395 offic.
502 2358 621 2402 codd„
663 2359 760 2404 edd„
804 2359 902 2395 offic.
942 2370 1084 2395 necess.
1126 2359 1319 2403 Hofacker
1357 2369 1398 2405 p.
1430 2361 1491 2395 48.

97 2412 144 2452 20
167 2408 367 2446 &iserniam
388 2408 587 2451 (tifex-num
609 2406 659 2451 F)
685 2406 893 2445 tiberinum
916 2408 953 2445 R
966 2409 1084 2451 Fra,
1111 2407 1327 2444 trifernium
1347 2406 1492 2454 tyberi·

94 2468 189 2495 num
208 2469 251 2506 p,
275 2457 419 2498 tiferni,
434 2455 594 2503 (tiferali
622 2455 675 2502 D)
701 2456 859 2494 tiberini
888 2458 936 2493 M
953 2457 1028 2493 VI)
1039 2465 1080 2501 ς,
1105 2458 1204 2504 ωας.
