1716 2742
454 95 818 134 EPISTULARUM
844 95 935 132 VIII
962 98 1121 132 18-20.
1420 97 1512 141 225

82 212 398 270 fricandosque
430 211 683 269 praebebat.
747 209 968 254 Auditum
1008 210 1266 267 frequenter
1305 226 1359 253 ex
1399 210 1514 267 ipso,

83 290 188 320 cum
220 279 481 333 quereretur
513 274 567 318 de
594 274 880 318 contumeliis
909 273 1152 317 debilitatis
1187 287 1312 329 suae,
1345 272 1512 331 digitos

82 353 130 383 88
162 353 394 383 servorum
428 351 611 381 suorum
646 336 811 381 cotidie
842 336 1027 395 lingere.
1074 335 1268 380 Vivebat
1292 337 1444 379 tamen
1471 337 1516 378 et
1544 346 1591 379 10

81 400 232 445 vivere
263 399 444 445 volebat
476 401 754 444 sustentante
781 399 986 442 maxime.
1002 413 1159 455 uxore,
1194 413 1306 455 quae
1334 397 1515 455 culpam

38 477 57 505 s
82 462 284 508 inchoati
315 462 592 507 matrimonii
630 463 677 506 in
717 462 909 520 gloriam
947 461 1278 519 perseverantia
1309 461 1514 504 verterat.

176 524 327 570 Habes
361 540 516 569 omnes
549 524 724 569 fabulas
757 524 901 581 urbis3
932 539 1038 567 nam
1073 526 1179 567 sunt
1205 538 1359 567 omnes
1391 523 1517 566 fabu—
1545 534 1590 567 11

81 588 153 632 lae
184 587 356 633 Tullus.
415 587 694 646 Expectatur
726 587 888 631 auctio.
948 585 1055 630 Fuit
1087 587 1207 630 enim
1240 588 1333 629 tam
1366 585 1518 643 copio-

84 666 179 708 sus,
210 653 262 695 ut
288 651 591 708 amplissimos
618 650 775 694 hortos
802 649 978 706 eodem,
1012 664 1101 706 quo
1136 652 1321 705 emerat,
1355 648 1464 692 die
1452 663 1517 692 m-

86 713 301 758 struxerit
332 713 540 772 plurimis
575 716 620 757 et
659 712 986 783 antiquissimis
1020 711 1199 756 statuis:
1238 714 1417 755 tantum
1450 710 1519 754 illi

23 790 60 818 ιο
86 777 493 835 pulcherrimorum
534 791 722 834 operum
760 776 806 819 in
846 775 1039 831 horreis,
1085 790 1199 832 quae
1238 773 1518 833 neglegebat.

84 837 284 884 Invicem
317 842 389 896 tu,
421 840 459 883 si
493 839 601 896 quid
635 839 738 883 istic
770 838 965 896 epistula
998 837 1203 896 dignum,
1243 852 1299 880 ne
1334 851 1519 895 gravare

86 902 289 947 scribere.
354 900 474 946 Nam
508 916 611 946 cum
638 917 766 946 aures
793 901 1029 945 hominum
1055 900 1256 944 novitate
1282 899 1519 956 laetantur,
1547 910 1594 943 12

86 967 184 1009 tum
218 964 273 1009 ad
305 964 527 1009 rationem
558 964 677 1008 vitae
711 964 929 1022 exemplis
964 962 1203 1007 erudimur.
1270 961 1394 1006 Vale.

745 1068 856 1108 XIX.
943 1071 1066 1112 lna-2
1087 1077 1212 1114 aar

24 1140 61 1169 ¹⁶
458 1145 502 1180 C.
523 1145 730 1180 PLINIUS
757 1145 963 1179 MAXIMO
992 1145 1088 1180 SUO
1118 1145 1156 1179 S.

123 1212 126 1215 ’
181 1209 243 1255 Ε1
275 1209 492 1270 gaudium
525 1210 638 1254 1111111
671 1212 715 1254 81
755 1209 972 1254 solacium
1013 1209 1062 1253 in
1093 1209 1278 1266 litteris,
1316 1208 1521 1266 nihilque
1551 1220 1568 1251 1

89 1275 183 1317 tam
207 1273 397 1330 laetum,
431 1272 552 1330 quod
571 1272 643 1316 his
669 1273 853 1329 laetius,
884 1275 978 1316 tam
1005 1272 1153 1328 triste,
1180 1271 1302 1329 quod
1328 1286 1421 1315 non
1442 1286 1524 1329 per

87 1335 170 1380 has
210 1335 269 1380 sit
311 1335 462 1380 minus
505 1335 646 1379 triste.
710 1334 868 1393 Itaque
911 1338 955 1379 et
995 1335 1258 1379 infirmitate
1291 1334 1445 1378 uxoris
1479 1336 1524 1378 et

29 1430 33 1434 -
90 1413 294 1443 meorum
326 1398 547 1456 periculo,
581 1398 865 1456 quorundam
898 1413 1004 1442 vero
1039 1398 1175 1442 etiam
1200 1400 1345 1441 morte
1371 1396 1523 1440 turba·

27 1474 66 1502 20
92 1464 165 1506 tus
210 1461 266 1505 ad
308 1462 493 1505 unicum
545 1461 714 1505 doloris
766 1461 1070 1505 levamentum
1123 1459 1272 1504 studia
1324 1459 1524 1518 confugi,

90 1539 204 1582 quae
236 1526 491 1582 praestant,
535 1526 587 1568 ut
620 1524 805 1568 adversa
838 1524 982 1582 magis
1015 1523 1296 1582 intellegam,
1338 1522 1414 1566 sed
1448 1537 1524 1579 pa-

87 1587 274 1631 tientius
306 1587 459 1631 feram.
524 1587 609 1631 Est
641 1589 789 1630 autem
825 1586 936 1629 mihi
970 1586 1128 1642 moris,
1162 1585 1283 1643 quod
1316 1600 1417 1629 sum
1450 1584 1524 1629 da·
1552 1596 1572 1628 -2

89 1652 217 1694 turus
250 1649 299 1694 in
331 1665 490 1694 manus
523 1650 780 1705 hominum,
812 1651 914 1692 ante
948 1649 1195 1693 amicorum
1230 1647 1396 1692 iudicio
1425 1663 1524 1691 exa-

0 1747 5 1764 ,-
90 1713 280 1770 minare,
313 1713 361 1756 in
393 1713 552 1770 primis
585 1715 676 1756 tuo.
744 1711 957 1768 Proinde,
1001 1711 1039 1754 si
1073 1710 1272 1768 quando,
1305 1725 1426 1755 nunc
1459 1711 1524 1754 in-

0 1774 64 1833 }25
90 1775 223 1820 tende
262 1775 402 1832 libro,
453 1790 586 1832 quem
634 1790 736 1819 cum
782 1775 867 1818 hac
913 1774 1106 1832 epistula
1151 1773 1362 1831 accipies,
1419 1773 1525 1831 quia

0 1884 3 1887 ,
91 1852 265 1895 vereor,
298 1853 354 1882 ne
387 1838 484 1895 ipse
516 1840 567 1881 ut
600 1836 743 1880 tristis
776 1852 937 1894 parum
970 1836 1249 1880 intenderim.
1297 1834 1524 1906 Imperare

0 1902 12 2016 ἱ
93 1900 214 1945 8111111
253 1873 425 1956 'dolori,
479 1903 531 1944 ut
576 1900 836 1956 scriberem,
891 1900 1039 1957 potui,
1094 1902 1145 1943 ut
1186 1914 1329 1943 vacuo
1373 1899 1524 1942 animo

13 2001 18 2004 .
91 1964 320 2020 laetoque,
351 1977 445 2007 non
476 1963 617 2020 potui.
671 1962 813 2006 Porro
847 1965 898 2006 ut
930 1978 986 2006 ex
1018 1962 1179 2007 8111ᾶ118
1213 1961 1427 2021 gaudium
1461 1961 1525 2005 sic

0 2017 17 2092 f
93 2025 242 2070 studia
273 2025 501 2069 hilaritate
534 2025 816 2083 proveniunt.
882 2025 1007 2069 Vale.

0 2098 68 2174 {⁸⁰
764 2129 852 2170 XX,
942 2124 1049 2159 τά,
1087 2112 1249 2161 latua,

2 2183 20 2227 ἲ
476 2206 519 2239 o,
541 2205 747 2240 PLINIUS
775 2205 943 2241 GALLO
973 2206 1070 2240 suo
1100 2205 1138 2239 8.

187 2270 261 2315 Ad
294 2285 407 2328 quae
439 2268 666 2315 noscenda
704 2269 789 2313 iter
827 2269 1022 2328 ingredi,
1060 2269 1363 2313 transmittere
1403 2283 1525 2311 mare
1556 2279 1568 2309 1

94 2334 309 2390 solemus,
342 2348 393 2377 ea
426 2333 508 2377 sub
543 2332 685 2377 oculis
717 2332 867 2389 posita
891 2333 1192 2391 neglegimus,
1226 2346 1303 2375 seu
1331 2331 1438 2388 quia
1463 2331 1527 2375 ita

197 2436 242 2469 12
264 2431 434 2469 scribere
455 2440 531 2476 ας,
551 2443 622 2468 om.
638 2431 677 2468 B
688 2431 741 2467 M
746 2443 779 2475 r,
795 2431 861 2475 K„
879 2430 1016 2478 Stanyl
1030 2432 1115 2467 674.
1208 2433 1255 2466 20
1283 2428 1467 2477 confugio
1488 2441 1524 2466 a.

96 2485 143 2519 25
170 2481 316 2519 librum
342 2494 472 2519 meum
500 2492 617 2529 quem
643 2493 675 2526 r,
703 2480 745 2517 in
771 2480 859 2519 libr.
881 2493 932 2517 m.
954 2492 1071 2527 quem
1098 2489 1132 2526 ς,
1159 2480 1224 2517 sed
1244 2480 1293 2526 ef.
1315 2480 1348 2517 V
1364 2482 1400 2524 3,
1427 2482 1462 2516 8.

158 2557 317 2588 'Pmmus
335 2559 457 2587 Mmoss
477 2563 535 2586 ED.
555 2559 724 2586 KUKULA.
1253 2559 1299 2592 15
