1716 2742
147 394 168 427 5

146 768 167 801 6

146 830 166 862 7

145 1079 166 1112 8

145 1330 166 1363 9

123 1643 168 1677 10

197 148 289 192 204
811 144 850 181 c.
878 144 1016 181 PLINI

197 261 346 318 inquit
383 260 650 304 ‘iniunctam
693 259 825 303 nobis
866 258 1199 303 accusationem
1239 258 1414 303 executi
1461 260 1629 314 sumus,

196 323 281 368 hac
315 323 522 367 adeamus
558 322 762 366 consules
802 324 1118 378 petamusque,
1157 336 1214 364 ne
1252 321 1372 366 bona
1412 321 1628 378 dissipare

198 386 365 442 sinant,
411 400 602 442 quorum
647 398 741 429 esse
781 384 829 427 in
869 383 1074 428 custodia
1114 383 1310 427 debent'.
1377 382 1628 441 Respondi:

197 447 330 492 ‘Cum
383 448 522 491 simus
577 447 783 491 advocati
829 462 854 490 a
900 448 1057 490 senatu
1103 446 1216 503 dati,
1273 446 1463 504 dispice,
1519 461 1629 490 num

195 513 396 568 peractas
425 511 555 567 putes
589 511 738 567 partes
772 511 949 553 nostras
977 510 1158 553 senatus
1186 509 1446 567 cognitione
1472 507 1630 552 finita.'

196 573 256 616 Et
287 573 382 616 ille:
429 571 538 629 (ΤΠ,
582 586 716 629 quem
750 572 895 628 voles,
926 571 1013 615 tibi
1045 571 1287 615 terminum
1325 573 1513 628 statues,
1557 571 1630 616 cui

194 635 320 679 nulla
353 649 455 679 cum
488 634 723 692 provincia
761 634 1044 678 necessitudo
1085 634 1175 679 nisi
1208 649 1264 678 ex
1294 633 1514 678 beneficio
1548 636 1628 678 tuo

195 700 240 741 et
270 698 358 742 hoc
384 697 572 755 recenti3
605 698 702 755 ipse
730 700 775 741 et
800 699 932 742 natus
967 697 1030 741 ibi
1058 699 1103 741 et
1130 698 1341 754 quaestor
1376 696 1425 740 in
1457 711 1509 740 ea
1535 696 1630 740 fui?

195 760 310 804 Tum
345 775 448 819 ego:
491 759 562 804 ‘Si
594 760 736 804 fixum
777 759 862 804 tibi
887 759 1010 804 istud
1037 775 1088 804 ac
1122 759 1436 817 deliberatum,
1470 773 1632 816 sequar

194 826 258 880 te,
290 825 358 881 ut,
393 823 431 867 si
465 838 554 880 qua
587 839 643 867 ex
668 823 756 867 hoc
788 821 976 879 invidia,
1007 837 1100 867 non
1137 825 1315 866 tantum
1341 821 1448 867 tua?
1489 821 1630 866 Veni-

195 900 294 930 mus
328 886 384 930 ad
418 886 644 943 consules3
680 885 790 930 dicit
818 884 1026 942 Senecio,
1068 900 1181 942 quae
1220 899 1290 929 res
1318 884 1509 942 ferebat,
1552 884 1631 928 ali-

196 963 284 1006 qua
304 947 542 1007 subiungo.
578 947 778 992 Vixdum
801 948 1182 1003 conticueramus,
1209 950 1254 992 et
1274 947 1424 992 Massa
1445 949 1629 1005 questus

196 1010 488 1055 Senecionem
520 1026 614 1055 non
655 1011 862 1055 advocati
901 1011 1056 1068 fidem,
1097 1010 1174 1055 sed
1214 1010 1388 1055 inimici
1420 1009 1630 1054 amaritu-

195 1074 344 1118 dinem
377 1074 589 1132 implesse
616 1073 862 1130 impietatis
890 1089 1016 1118 reum
1049 1074 1262 1131 postulat.
1327 1072 1505 1117 Horror
1537 1087 1630 1116 om-

194 1136 338 1194 nium3
369 1152 453 1196 ego
475 1139 626 1181 autem
654 1136 869 1181 eVereor'
895 1137 1098 1194 inquam,
1127 1135 1386 1180 ‘clarissimi
1409 1135 1631 1192 consules,

193 1215 249 1243 ne
282 1198 395 1243 mihi
426 1198 578 1243 Massa
611 1199 791 1243 silentio
826 1214 907 1244 suo
941 1198 1372 1257 praevaricationem
1405 1197 1632 1254 obiecerit,

195 1261 316 1319 quod
348 1278 441 1306 non
474 1265 520 1306 et
552 1278 623 1306 me
648 1277 775 1306 reum
803 1261 1080 1319 postulavit'
1139 1260 1263 1315 Quae
1289 1276 1380 1305 vox
1406 1263 1451 1305 et
1477 1261 1629 1305 statim

195 1327 381 1382 excepta
414 1327 460 1368 et
491 1328 650 1383 postea
682 1325 827 1368 multo
863 1339 1068 1369 sermone
1103 1324 1326 1369 celebrata
1359 1326 1438 1368 est.
1485 1323 1630 1367 Divus

196 1387 375 1445 quidem
414 1386 567 1432 Nerva
609 1386 734 1447 (nam
778 1387 989 1444 privatus·
1026 1402 1206 1445 quoque
1246 1386 1508 1431 attendebat
1545 1385 1629 1442 his,

196 1466 309 1508 quae
340 1453 461 1495 recte
495 1450 542 1494 in
568 1450 752 1508 publico
780 1448 958 1509 fierent)
993 1450 1141 1495 missis
1169 1450 1226 1494 ad
1252 1465 1324 1494 me
1351 1448 1629 1509 gravissimis

194 1513 357 1557 litteris
391 1528 484 1557 non
517 1513 630 1557 mihi
664 1514 832 1571 solum,
863 1528 1019 1557 verum
1047 1513 1183 1557 etiam
1217 1513 1397 1557 saeculo
1432 1514 1500 1557 est
1532 1526 1630 1570 gra-

195 1576 387 1633 tulatus,
426 1575 498 1620 cui
532 1576 788 1634 exemplum
822 1573 908 1635 (sic
941 1575 1061 1620 enim
1095 1573 1296 1635 scripsit)
1338 1574 1484 1620 simile
1518 1574 1631 1618 anti-

198 1638 298 1696 quis
332 1639 607 1697 contigisset.
676 1638 821 1696 Haec,
855 1641 1100 1695 utcumque
1134 1653 1181 1683 se
1213 1637 1402 1695 habent,
1439 1637 1630 1693 notiora,

197 1701 406 1758 clariora,
449 1701 620 1745 maiora
652 1703 703 1746 tu
736 1701 896 1759 facies3
941 1716 1215 1759 quamquam
1257 1716 1351 1745 non
1384 1700 1537 1760 exigo,
1578 1702 1631 1744 ut

198 1763 382 1808 excedas
427 1766 550 1808 actae
595 1763 660 1808 rei
706 1764 903 1808 modum.
968 1763 1088 1808 Nam
1134 1778 1217 1808 nec
1262 1763 1453 1808 historia
1499 1762 1630 1807 debet

197 1826 349 1885 egredi
368 1827 622 1884 veritatem,
655 1829 700 1871 et
719 1827 908 1872 honeste
928 1826 1059 1871 factis
1082 1827 1247 1871 veritas
1269 1826 1450 1871 sufficit.
1503 1824 1629 1870 Vale.

299 1979 320 2011 2
349 1975 534 2022 dissipari
563 1975 714 2022 (discip.
738 1976 794 2024 D)
822 1976 927 2013 codd.
1035 1979 1080 2012 19
1108 1975 1187 2012 iam
1215 1975 1256 2012 D
1261 1986 1332 2022 pr.

1658 836 1693 863 10

1658 1149 1693 1177 15

1657 1463 1693 1490 20

1657 1777 1693 1806 25
