1630 2678
92 0 134 26 rs
155 0 175 19 -’

0 0 88 173 r·
78 34 91 42 ,

0 182 8 263 ἔ

542 175 898 213 8118101111οΜ
923 177 977 213 111
1003 180 1110 213 5-7.
1470 180 1527 224 67

125 287 358 347 pollioeor‚
388 288 465 333 sed
490 289 722 333 contrahes
752 289 963 346 frontem,
994 304 1095 334 cum
1121 289 1319 334 adiecero
1344 290 1400 334 ad
1424 306 1529 348 pau-

125 363 202 396 008
233 349 348 395 dies:
387 363 530 406 neque
574 351 692 394 enim
731 350 897 394 diutius
939 351 1091 395 abesse
1130 366 1199 396 me
1238 351 1390 395 eadem
1421 352 1530 396 haec

127 425 240 469 quae
269 410 468 457 nondum
494 411 612 456 exire
644 411 885 469 patiuntur.
949 412 1074 456 Vale.

785 526 880 566 vn.
918 515 1074 587 aalys
1092 495 1203 555 mg
1237 498 1399 550 sua,

79 608 98 636 ὅ
406 599 449 634 C.
470 600 670 634 PLINIUS
698 600 903 635 CANINIO
931 601 1066 635 RUFO
1095 601 1190 635 SUO
1219 601 1257 635 s,

225 679 360 724 Modo
397 679 627 724 nuntiatus
666 683 733 724 est
766 679 902 725 Silius
935 680 1116 725 Italicus
1155 681 1201 724 in
1232 681 1530 739 Neapolitano
1558 692 1576 723 1

129 755 210 786 800
242 741 389 786 inedia
417 741 566 786 finisse
598 741 746 786 vitam.
791 740 932 786 Causa
963 743 1118 786 mortis
1151 742 1372 787 valetudo.
1416 742 1528 787 Erat
1555 753 1577 785 2

128 802 197 847 illi
235 804 367 847 08188
403 802 660 847 insanabilis
700 804 869 860 clavus,
910 803 1035 847 cuius
1074 803 1220 847 taedio
1254 803 1309 848 ad
1341 807 1530 848 mortem

128 862 414 909 inrevocabili
451 864 701 908 constantia
733 864 983 909 decucurrit
1015 879 1155 922 usque
1188 865 1244 908 ad
1276 880 1532 923 supremum

68 923 247 970 waiam
286 925 440 970 beatus
483 928 527 969 et
567 925 695 982 felix,
735 926 822 969 nisi
865 926 983 983 quod
1026 927 1242 970 minorem
1288 942 1341 970 ex
1381 927 1532 971 liberis

130 985 301 1031 duobus
347 987 514 1044 amisit,
563 987 640 1030 sed
681 987 894 1030 maiorem
941 987 1254 1044 melioremque
1299 988 1532 1032 florentem

129 1050 263 1106 atque
286 1048 421 1092 etiam
447 1049 723 1092 consularem
748 1049 940 1106 reliquit.
978 1048 1185 1093 Laeserat
1210 1049 1373 1093 famam
1406 1064 1531 1094 suam
1559 1058 1581 1091 3

129 1108 212 1154 801)
230 1107 409 1154 Nerone
429 1107 709 1168 (credebatur
737 1113 896 1167 sponte
916 1108 1187 1169 accusasse),
1206 1110 1282 1154 sed
1307 1111 1355 1154 in
1375 1110 1532 1155 Vitelli

128 1169 324 1215 amicitia
361 1171 582 1227 sapienter
619 1186 666 1215 se
705 1173 750 1215 et
781 1171 967 1215 comiter
1006 1174 1219 1230 gesserat,
1260 1187 1314 1216 ex
1344 1184 1533 1229 procon-

68 1243 104 1273 ιε
129 1231 278 1276 sulatu
301 1230 434 1276 Asiae
460 1231 648 1290 gloriam
678 1235 999 1289 reportaverat,
1031 1233 1250 1276 maculam
1282 1233 1442 1277 veteris
1468 1233 1533 1276 in-

128 1291 323 1337 dustriae
358 1293 572 1337 laudabili
611 1293 702 1337 otio
742 1294 952 1337 abluerat.
1016 1292 1122 1337 Fuit
1158 1294 1274 1338 inter
1311 1294 1532 1352 principes
1559 1303 1581 1335 4

130 1353 322 1398 civitatis
348 1354 442 1398 sine
466 1355 684 1411 potentia,
710 1355 804 1398 sine
830 1355 1014 1398 invidia:
1040 1355 1330 1411 salutabatur,
1364 1355 1533 1399 coleba-

129 1417 205 1460 tur
234 1415 513 1473 multumque
544 1416 592 1459 in
622 1416 786 1460 lectulo
820 1416 966 1460 iacens
1000 1416 1204 1460 cubiculo
1239 1431 1411 1474 semper
1442 1432 1533 1461 non

130 1490 186 1520 ex
214 1475 395 1521 fortuna
419 1476 640 1534 frequenti
672 1477 939 1521 doctissimis
973 1477 1248 1520 sermonibus
1275 1477 1367 1522 dies
1394 1480 1533 1522 trans-

68 1549 107 1578 20
130 1536 298 1597 igebat,
341 1551 442 1582 cum
484 1554 509 1581 a
553 1538 782 1582 scribendo
824 1541 1009 1582 vacaret.
1074 1536 1304 1582 Scribebat
1341 1539 1534 1582 carmina
1560 1549 1581 1579 5

131 1598 297 1643 maiore
329 1613 435 1644 cura
467 1613 599 1656 quam
632 1600 832 1658 ingenio,
864 1614 955 1642 non
986 1614 1229 1656 numquam
1262 1599 1425 1644 iudicia
1457 1600 1533 1644 ho-

131 1659 301 1705 minum
333 1660 666 1704 recitationibus
699 1659 1017 1717 experiebatur.
1055 1659 1310 1704 Novissime
1343 1661 1405 1705 ita
1436 1676 1533 1705 sua·
1561 1670 1580 1702 6

132 1720 336 1765 dentibus
381 1722 507 1765 annis
550 1721 604 1764 ab
647 1721 756 1764 urbe
798 1721 979 1765 secessit
1022 1735 1157 1779 seque
1201 1722 1248 1765 in
1294 1721 1534 1780 Campania

131 1782 275 1827 tenuit
305 1797 357 1826 ac
387 1797 443 1826 ne
475 1782 667 1826 adventu
702 1781 879 1839 quidem
905 1781 1011 1826 novi
1043 1782 1256 1840 principis
1282 1783 1383 1827 inde
1416 1798 1533 1827 com-

71 1854 108 1882 π
132 1845 280 1887 100108
312 1846 401 1887 est:
439 1857 602 1901 magna
634 1841 830 1886 Caesaris
861 1843 971 1900 laus,
1009 1843 1091 1887 sub
1120 1859 1207 1900 quo
1234 1843 1320 1888 hoc
1345 1844 1532 1888 liberum
1562 1853 1580 1885 7

131 1902 237 1960 fuit,
268 1917 430 1962 magna
456 1904 595 1958 illius,
627 1903 703 1961 qui
729 1904 811 1948 1180
835 1904 1038 1948 libertate
1065 1920 1196 1949 ausus
1223 1908 1290 1949 est
1315 1906 1391 1949 uti.
1426 1905 1535 1949 Erat

134 1964 381 2022 φιλόκαλος
412 1979 552 2021 usque
578 1964 632 2008 ad
658 1965 901 2010 emacitatis
927 1965 1322 2023 reprehensionem.
1380 1966 1533 2010 Plures
1560 1975 1583 2008 8

133 2024 271 2070 isdem
305 2026 351 2069 in
381 2025 492 2069 locis
525 2025 652 2069 villas
684 2026 940 2083 possidebat
968 2027 1269 2084 adamatisque
1296 2027 1421 2071 novis
1448 2027 1534 2084 pri-

135 2101 232 2131 ores
251 2086 525 2145 neglegebat.
570 2085 762 2132 Multum
789 2087 954 2145 ubique
976 2088 1209 2144 librorum,
1236 2089 1424 2131 multum
1450 2091 1535 2132 sta-

73 2160 112 2189 ιο
134 2150 332 2206 1081810,
371 2148 561 2191 multum
600 2147 862 2206 imaginum,
903 2163 1011 2205 quas
1044 2164 1134 2192 non
1166 2149 1357 2192 habebat
1390 2149 1535 2205 modo,

135 2223 288 2253 verum
327 2209 459 2253 etiam
498 2209 805 2267 venerabatur,
845 2208 1016 2268 Vergili
1062 2212 1162 2253 ante
1195 2225 1366 2267 omnes,
1411 2211 1534 2254 cuius

133 2270 328 2315 natalem
369 2270 619 2339 religiosius
662 2285 794 2327 quam
846 2286 974 2314 suum
1026 2271 1293 2324 celebrabat,
1343 2269 1533 2329 Neapoli

136 2330 345 2388 maxime,
381 2331 458 2375 ubi
501 2330 820 2376 monimentum
860 2332 953 2376 eius
987 2331 1106 2375 adire
1140 2335 1189 2375 ut
1220 2304 1434 2389 templum
1468 2348 1534 2376 so·

235 2453 259 2487 2
283 2461 345 2487 me
372 2450 564 2500 (sinunt)
592 2450 727 2487 eadem
754 2450 924 2489 Sichard
1041 2455 1085 2487 19
1113 2451 1306 2497 frequenti
1333 2452 1533 2499 FDpra,

138 2499 333 2546 praesenti
361 2499 463 2536 MV.
591 2503 635 2536 81
664 2498 778 2547 Verg.
802 2500 942 2545 MVa,
969 2499 1076 2546 virg.
1107 2500 1203 2536 FD.

1268 2574 1315 2610 ὁ.
