1630 2678
487 139 843 178 EPISTULARUM
868 140 922 176 IV
948 144 1057 177 4—7.
1416 142 1472 186 91

75 261 222 311 solum
274 267 424 310 tamen
474 265 583 309 mihi
633 265 680 309 in
729 265 885 309 reditu.
947 263 1015 308 Ibi
1066 265 1183 308 enim
1234 265 1475 322 plurimum

74 325 220 373 scribo
261 340 344 372 nec
383 341 558 386 agrum,
598 341 730 384 quem
770 341 862 371 non
904 326 1063 382 habeo,
1105 326 1181 370 sed
1221 326 1368 384 ipsum
1405 342 1476 370 me

74 386 234 434 studiis
273 388 447 445 0100103
488 402 539 432 ac
579 388 669 431 iam
708 403 890 446 possum
930 388 1013 432 tibi
1057 388 1106 431 ut
1147 387 1246 432 aliis
1286 388 1334 431 in
1364 388 1475 432 locis

73 449 283 494 horreum
312 449 495 508 plenum
526 449 590 494 sic
619 449 683 493 ibi
714 449 925 493 scrinium
957 449 1197 493 ostendere.
1253 446 1396 508 Igitur
1426 451 1478 492 tu
1504 459 1526 493 3

31 523 52 553 ⁸
76 524 272 569 quoque,
309 510 348 555 si
380 502 500 555 certa
530 513 575 555 et
603 510 832 555 fructuosa
859 510 1038 568 praedia
1073 510 1368 568 concupiscis,
1401 510 1477 554 ali-

78 571 187 630 quid
217 572 266 616 in
295 571 383 616 hoc
413 571 544 616 litore
575 587 692 628 para.
758 571 879 615 Vale

730 697 822 737 VH·
878 702 1046 770 bfo-45
1080 731 1119 750 0³-
1135 710 1199 757 Aci
1217 730 1283 758 5⁶«

365 784 407 819 C.
427 785 630 819 PLINIUS
657 785 806 819 CATIO
833 785 1020 818 LEPIDO
1047 784 1143 818 SUO
1171 783 1209 818 S.

175 863 317 924 Saepe
360 866 443 910 tibi
487 865 585 910 dico
630 866 773 909 inesse
810 866 902 908 vim
940 864 1126 923 Regulo.
1190 864 1354 908 Mirum
1398 868 1480 921 est,
1506 875 1527 908 1

17 944 55 972 io
78 941 213 985 quam
254 926 441 984 efficiat,
483 928 532 971 in
572 927 692 984 quod
735 926 947 971 incubuit.
1024 925 1198 970 Placuit
1242 926 1282 970 ei
1325 927 1479 984 lugere

77 988 237 1033 filium:
267 988 392 1047 luget
422 991 474 1032 ut
503 1003 653 1046 nem03
685 988 852 1046 placuit
885 990 1051 1031 statuas
1079 988 1172 1031 eius
1199 990 1244 1031 et
1263 988 1477 1046 imagines

77 1065 211 1108 quam
234 1049 448 1107 plurimas
473 1049 635 1094 facere:
666 1050 752 1094 hoc
779 1049 982 1093 omnibus
1009 1049 1199 1093 officinis
1221 1049 1324 1107 agit,
1351 1050 1477 1092 illum

77 1110 322 1167 coloribus,
352 1110 479 1155 illum
511 1125 627 1168 cera,
660 1111 787 1154 illum
813 1126 929 1167 aere,
960 1110 1088 1154 illum
1114 1113 1318 1169 argento,
1350 1110 1478 1154 illum

76 1187 198 1230 auro,
228 1172 370 1228 ebore,
395 1187 613 1216 marmore
638 1172 824 1231 effingit.
857 1171 957 1229 Ipse
983 1187 1087 1215 vero
1115 1174 1158 1214 et
1188 1186 1332 1228 nuper
1357 1170 1478 1214 adhi-
1503 1181 1525 1213 2

16 1243 52 1278 ιι
75 1233 171 1278 bito
202 1207 373 1292 ingenti
404 1233 623 1278 auditorio
654 1234 819 1277 librum
852 1233 904 1277 de
929 1234 1022 1276 vita
1047 1233 1139 1276 eius
1171 1233 1391 1288 recitavit,
1423 1232 1477 1276 de

76 1295 171 1339 vita
199 1294 343 1352 pueri,
382 1295 585 1339 recitavit
625 1298 791 1351 tamen3
829 1294 1016 1338 eundem
1052 1294 1218 1337 librum
1256 1294 1303 1337 in
1335 1309 1477 1337 exem-

75 1356 219 1415 pluria
260 1355 382 1400 mille
424 1357 763 1413 transscriptum
800 1371 880 1413 per
916 1359 1056 1399 totam
1094 1354 1269 1398 Italiam
1300 1355 1476 1411 provin-

77 1418 256 1475 eiusque
299 1417 478 1461 dimisit.
542 1416 731 1475 Scripsit
771 1417 967 1474 publice,
1010 1419 1060 1460 ut
1101 1431 1127 1458 a
1168 1416 1476 1460 decurionibus

76 1479 314 1538 eligeretur
336 1478 640 1523 vocalissimus
667 1478 826 1535 aliquis
853 1494 907 1522 ex
932 1477 1057 1534 ipsis,
1090 1478 1167 1533 qui
1186 1477 1352 1535 legeret
1377 1492 1478 1521 eum

16 1555 55 1583 n
77 1540 265 1599 populo.
304 1540 472 1584 factum
513 1543 591 1583 est.
635 1539 763 1584 Hanc
796 1540 871 1582 ille
903 1539 1011 1586 vim
1050 1553 1127 1582 seu
1159 1553 1247 1595 quo
1281 1539 1369 1582 alio
1399 1553 1477 1582 no-
1503 1548 1525 1581 3

76 1602 196 1646 mine
235 1600 434 1646 vocanda
474 1604 540 1644 est
571 1602 782 1656 intentio,
824 1588 1039 1656 quidquid
1070 1599 1200 1656 velis,
1238 1599 1476 1654 obtinendi,

77 1663 117 1708 si
147 1662 203 1707 ad
234 1663 410 1720 potiora
434 1663 649 1718 vertisset,
681 1664 895 1718 quantum
921 1661 1026 1705 boni
1045 1661 1265 1718 potuisset
1282 1661 1476 1704 efficere!

78 1723 356 1780 Quamquam
387 1723 533 1767 minor
556 1724 623 1766 vis
648 1723 776 1766 bonis
803 1738 936 1779 quam
962 1722 1090 1766 malis
1115 1723 1243 1778 inest,
1274 1737 1336 1779 ac,
1363 1722 1478 1766 sicut

78 1784 285 1840 ἀμαθία
322 1784 419 1839 μὲν
450 1784 677 1840 θράσος,
711 1785 968 1841 λογισμὸς
1000 1783 1057 1827 δὲ
1095 1781 1261 1827 ὄκνον
1299 1781 1475 1841 φέρει,

18 1857 55 1885 ιι
78 1846 143 1889 ita
164 1847 285 1889 recta
322 1845 500 1903 ingenia
536 1844 736 1888 debilitat
767 1845 1044 1901 verecundia,
1083 1860 1289 1901 perversa
1320 1844 1478 1888 confir-

81 1909 172 1951 mat
203 1905 395 1950 audacia.
446 1905 663 1962 Exemplo
690 1909 756 1949 est
781 1905 990 1964 Regulus.
1041 1904 1316 1950 Imbecillum
1348 1906 1477 1961 latus,
1503 1915 1526 1947 4

80 1983 130 2013 os
179 1966 431 2023 confusum,
482 1967 703 2010 haesitans
752 1967 924 2027 lingua,
973 1967 1224 2011 tardissima
1268 1967 1477 2022 inventio,

79 2029 293 2075 memoria
315 2028 452 2084 nulla,
474 2028 587 2071 nihil
611 2027 799 2085 denique
817 2032 991 2086 praeter
1009 2029 1235 2087 ingenium
1262 2028 1478 2084 insanum,

78 2093 124 2136 et
152 2093 301 2134 tamen
342 2104 393 2133 eo
431 2089 705 2147 impudentia
741 2091 925 2147 ipsoque
970 2091 1048 2134 illo
1087 2090 1233 2132 furore
1266 2089 1479 2145 pervenit,

93 2243 98 2247 ·
178 2226 200 2260 8
227 2221 336 2260 catio
363 2234 409 2259 ex
435 2222 483 2259 R.
587 2226 631 2258 14
657 2234 780 2269 nuper
800 2222 904 2267 MV,
932 2222 1042 2270 vuly„
1069 2223 1108 2257 et
1128 2232 1250 2267 nuper
1271 2221 1475 2267 RFpra,

79 2271 224 2319 Sumql.
337 2276 381 2308 15
409 2270 456 2307 de
470 2271 549 2307 vita
569 2271 678 2317 pueri
697 2270 805 2308 tecit.
826 2282 895 2308 om.
918 2271 1079 2308 RFra.
1183 2273 1227 2305 16
1249 2269 1389 2305 librum
1404 2280 1473 2306 om.

82 2321 246 2366 MVD,
281 2321 350 2365 K,
383 2332 465 2356 cum
498 2320 576 2357 rell.
604 2320 708 2357 codd.
735 2320 820 2357 aad.
852 2319 954 2364 Otto,
991 2320 1110 2366 Stanq
1112 2319 1142 2363 l,
1176 2319 1323 2362 Muell,
1353 2318 1472 2355 Blerr.

82 2372 127 2406 17
152 2370 333 2406 trusscr.
354 2368 460 2405 mille
481 2369 620 2414 RFa‚
649 2369 781 2414 Mer-r„
806 2370 870 2406 sed
889 2370 935 2413 cf.
967 2369 1000 2404 V
1015 2371 1049 2412 6,
1076 2371 1123 2404 35
1144 2367 1183 2403 in
1205 2366 1348 2403 formas
1367 2367 1474 2404 mille

81 2416 279 2465 discripta
392 2422 439 2454 22
465 2417 617 2454 efficere
636 2418 827 2464 potuisset
846 2418 964 2456 codd.
985 2417 1079 2461 edd„
1099 2419 1178 2463 pot.
1200 2415 1260 2452 eff.
1284 2416 1476 2461 Hosacker

78 2469 198 2513 1248.
270 2470 316 2504 24
342 2468 455 2504 Thac
474 2468 523 2503 ΙΙ
545 2470 604 2511 40,
630 2470 665 2503 3.
