1716 2742
182 458 200 490 1

176 2359 194 2391 1

234 157 323 203 194
851 152 888 189 c,
910 152 1048 189 PLINI

274 285 424 336 atzam
446 290 490 374 ff
504 272 732 352 φράσῃ,
886 270 997 311 XXI.

578 362 620 394 o.
643 361 849 394 PLINIUS
878 360 1118 394 CORNUTo
1149 360 1245 395 suo
1274 361 1312 396 s,

324 444 484 501 Pareo,
519 444 693 502 collega
719 443 962 500 carissime,
989 445 1034 486 et
1052 443 1307 487 infirmitati
1335 445 1583 502 oculorum,
1609 448 1661 489 ut

230 509 374 565 iubes,
413 507 612 551 consulo.
677 505 796 550 Nam
836 507 880 549 et
918 505 1007 549 huc
1049 507 1168 550 tecto
1212 506 1420 551 vehiculo
1463 507 1662 565 undique

228 571 427 614 inclusus
456 569 585 626 quasi
610 569 657 612 in
679 568 889 613 cubiculo
911 569 1095 626 perveni
1116 571 1161 612 et
1179 568 1254 613 hic
1273 584 1367 613 non
1387 569 1492 614 stilo
1513 571 1662 623 modo,
1694 583 1712 610 5

227 648 381 676 verum
417 632 551 676 etiam
585 631 856 676 lectionibus
891 630 1154 687 difficulter,
1188 631 1265 675 sed
1298 631 1501 676 abstineo
1536 633 1661 677 solis-

228 711 313 752 que
346 694 528 739 auribus
563 693 732 739 studeo.
782 692 999 738 Cubicula
1032 693 1239 738 obductis
1273 694 1385 738 velis
1414 709 1555 752 opaca
1578 710 1662 739 nec

226 762 376 802 tamen
409 757 600 801 obscura
632 756 763 801 facio.
811 755 1184 814 Cryptoporticus
1220 771 1401 815 quoque
1434 757 1660 815 adopertis

226 819 512 864 inferioribus
552 819 760 864 fenestris
794 822 971 863 tantum
1005 819 1190 864 umbrae
1224 822 1444 877 quantum
1477 819 1660 865 luminis

224 883 371 927 habet.
438 881 513 927 Sic
552 882 771 940 paulatim
803 883 952 926 lucem
985 881 1101 926 ferre
1135 882 1358 927 condisco.
1423 882 1660 927 Balineum
1689 895 1716 922 1(

227 946 432 1003 adsumo,
467 945 574 1003 quia
607 945 809 1003 prodest,
842 945 1018 1002 vinum,
1053 945 1159 1002 quia
1184 959 1278 989 non
1309 948 1465 1002 nocet,
1496 942 1662 1004 parcis-

226 1008 336 1052 sime
369 1010 534 1052 tamen.
599 1007 669 1052 Ita
702 1007 905 1064 adsuevi,
938 1010 983 1051 et
1015 1022 1136 1052 nunc
1170 1010 1321 1052 custos
1356 1007 1494 1052 adest.
1560 1006 1660 1052 Gal-

224 1072 364 1115 linam
391 1074 443 1115 ut
471 1086 496 1115 a
522 1073 566 1114 te
604 1071 787 1115 missam
819 1070 1013 1114 libenter
1045 1070 1218 1128 accepi3
1251 1085 1387 1128 quam
1415 1071 1524 1115 satis
1551 1071 1662 1116 acri-

224 1134 308 1178 bus
337 1133 492 1190 oculis‚
521 1148 795 1191 quamquam
824 1132 970 1177 adhuc
996 1133 1161 1190 lippus,
1189 1132 1535 1192 pinguissimam
1555 1133 1660 1178 vidi.

225 1196 348 1240 Vale.
1689 1207 1716 1234 ιε

877 1261 1010 1302 XXII.
1675 1293 1678 1296 .

249 1306 300 1358 ᾖ
367 1319 420 1356 >f
495 1287 601 1353 affe
814 1351 845 1358 ,,
1268 1351 1277 1353 ἢ

285 1332 363 1406 2⁶⁴¹
411 1312 475 1390 Γ
584 1352 626 1386 o,
648 1351 855 1385 ΡΜΝΠω1
883 1350 1106 1384 FALCONI
1137 1351 1232 1385 suo
1264 1351 1301 1384 s.

316 1434 466 1478 Minus
510 1434 745 1478 miraberis
790 1449 860 1477 me
904 1436 997 1477 tam
1038 1434 1259 1478 instanter
1298 1433 1483 1491 petisse,
1523 1436 1575 1478 ut
1613 1435 1660 1478 in

222 1497 417 1541 amicum
451 1513 600 1541 meum
636 1497 860 1541 conferres
895 1496 1196 1552 tribunatum,
1223 1511 1324 1540 cum
1359 1495 1531 1554 scieris,
1559 1497 1660 1555 quis

222 1560 297 1603 ille
332 1560 578 1617 qualisque.
625 1559 817 1603 Possum
851 1562 1001 1603 autem
1036 1559 1125 1602 iam
1160 1558 1245 1602 tibi
1278 1561 1323 1603 et
1354 1573 1522 1603 nomen
1547 1558 1657 1604 indi·
1686 1575 1716 1603 2(

223 1637 322 1666 care
351 1625 394 1666 et
420 1623 670 1666 describere
697 1622 865 1679 ipsum,
899 1623 1141 1680 postquam
1167 1621 1408 1678 polliceris.
1449 1620 1534 1666 Est
1555 1620 1660 1666 Cor-

223 1685 368 1728 nelius
427 1684 715 1742 Minicianus,
769 1686 1082 1737 ornamentum
1141 1683 1339 1743 regionis
1398 1699 1522 1728 meae
1581 1699 1659 1729 seu

225 1747 443 1805 dignitate
478 1762 556 1791 seu
590 1748 802 1792 moribus.
849 1746 996 1791 Natus
1031 1746 1263 1804 splendide
1297 1746 1497 1791 abundat
1522 1746 1659 1791 facul-

224 1809 412 1866 tatibus,
447 1813 567 1854 amat
600 1811 766 1867 studia,
799 1812 850 1854 ut
884 1810 1032 1854 solent
1063 1820 1296 1867 pauperes.
1348 1807 1474 1854 Idem
1506 1810 1658 1854 rectis-

225 1872 362 1916 simus
390 1872 536 1929 iudex,
561 1873 833 1918 fortissimus
862 1873 1127 1930 advocatus,
1159 1872 1330 1916 amicus
1357 1871 1658 1917 fidelissimus.
1685 1887 1716 1916 πε

226 1934 465 1992 Accepisse
491 1937 536 1978 te
562 1935 830 1980 beneficium
858 1935 1022 1992 credes,
1055 1950 1157 1979 cum
1190 1934 1377 1993 propius
1412 1934 1658 1993 inspexeris

223 1997 453 2041 hominem
500 1998 707 2042 omnibus
754 1998 1022 2054 honoribus,
1069 1997 1279 2042 omnibus
1325 1997 1473 2041 titulis
1524 1995 1659 2057 (nihil

224 2061 327 2103 volo
363 2059 522 2104 elatius
558 2060 611 2104 de
646 2061 975 2105 modestissimo
1003 2061 1101 2104 viro
1130 2060 1297 2119 dicere)
1324 2075 1490 2117 parem.
1532 2059 1657 2104 Vale.

862 2177 1017 2217 XXHI.

426 2265 467 2299 C.
492 2265 697 2299 PLINIUS
726 2266 926 2299 FABATO
954 2265 1255 2300 PROSOCERO
1285 2265 1381 2299 SUO
1411 2265 1449 2299 S.
1678 2273 1716 2302 ³0

321 2346 500 2391 Gaudeo
536 2346 716 2404 quidem
757 2362 851 2391 esse
892 2351 936 2392 te
975 2351 1067 2392 tam
1111 2348 1294 2403 fortem,
1327 2350 1378 2391 ut
1411 2346 1655 2392 Mediolani

225 2425 456 2454 occurrere
503 2408 658 2453 Tironi
705 2411 870 2467 possis,
918 2411 994 2454 sed
1034 2413 1085 2454 ut
1125 2425 1380 2468 perseveres
1425 2425 1519 2454 esse
1562 2413 1653 2454 tam

326 2538 371 2568 14
399 2532 522 2579 lippis
548 2545 568 2570 ’ν
580 2542 602 2569 ς
613 2545 648 2569 α.
