1716 2742
217 148 310 194 260
831 144 872 183 c.
897 144 1036 181 mm

168 275 189 308 6
216 263 335 306 lasso
358 261 469 305 mihi
490 262 746 318 opportuna
766 259 1130 316 interpellatione
1151 259 1435 303 subveniunt.
1493 258 1648 303 Venor

217 323 479 381 aliquando,
531 322 607 366 sed
658 337 752 366 non
804 321 899 366 sine
950 321 1272 380 pugillaribus,
1322 324 1393 379 ut,
1442 321 1646 378 quamvis

215 387 331 430 nihil
372 385 586 443 ceperim,
630 400 722 428 non
763 384 879 428 nihil
920 384 1124 428 referam.
1189 383 1335 428 Datur
1376 386 1420 428 et
1463 383 1649 440 colonis,

216 453 268 493 ut
311 448 489 492 videtur
534 447 665 504 ipsis,
710 462 803 491 non
848 447 956 490 satis
1004 446 1241 504 temporis,
1293 461 1487 505 quorum
1534 444 1648 489 mihi

216 513 412 570 agrestes
472 510 696 567 querellae
747 509 920 553 litteras
979 512 1157 554 nostras
1217 511 1262 553 et
1311 509 1423 554 haec
1476 509 1648 553 urbana
1673 521 1691 549 5

217 589 352 631 opera
385 571 710 617 commendant.
776 571 901 616 Vale.

826 726 1037 766 XXXVII.
1081 726 1204 768 Τιαιά
1226 730 1299 771 ΜΙΊ
1316 727 1479 777 Eun&

576 815 619 850 C.
641 815 847 850 PLINIUS
875 815 1102 850 PAULINO
1131 814 1228 850 SUO
1258 815 1296 850 S.

167 912 185 944 1
308 897 405 942 Nec
437 900 541 941 tuae
574 899 761 941 naturae
796 900 864 941 est
896 897 1176 941 translaticia
1201 896 1313 940 haec
1340 898 1384 940 et
1411 896 1541 954 quasi
1566 911 1648 953 pu-

215 960 333 1005 blica
366 960 519 1005 officia
551 976 577 1004 a
603 960 901 1004 familiaribus
930 960 1085 1004 amicis
1114 962 1272 1004 contra
1297 959 1502 1017 ipsorum
1528 973 1647 1003 com·
1675 971 1711 998 10

215 1023 400 1067 modum
433 1023 631 1081 exigere,
671 1026 716 1067 et
748 1037 831 1081 ego
866 1026 910 1067 te
951 1022 1232 1067 constantius
1267 1037 1388 1080 amo,
1428 1036 1563 1080 quam
1596 1023 1648 1065 ut

214 1101 386 1144 verear,
426 1101 484 1130 ne
517 1085 666 1143 aliter,
709 1101 760 1129 ac
773 1059 948 1142 Ovelim,
991 1085 1204 1143 accipias,
1245 1084 1334 1129 nisi
1365 1087 1410 1128 te
1443 1083 1647 1128 kalendis

213 1148 366 1192 statim
402 1149 633 1193 consulem
666 1148 839 1205 videro,
872 1149 1135 1219 praesertim
1163 1163 1266 1192 cum
1300 1162 1372 1191 me
1404 1146 1646 1191 necessitas

212 1211 503 1255 locandorum
558 1210 844 1269 praediorum
895 1211 943 1255 in
988 1211 1139 1268 plures
1191 1225 1332 1254 annos
1386 1209 1648 1254 ordinatura

213 1273 430 1331 detineat,
483 1274 530 1318 in
578 1290 666 1331 qua
713 1274 823 1318 mihi
870 1289 988 1318 nova
1037 1273 1226 1318 consilia
1269 1272 1486 1318 sumenda
1528 1274 1645 1316 sunt.
1674 1285 1709 1312 1⁵

163 1350 184 1382 2
212 1336 331 1380 Nam
352 1337 502 1394 priore
521 1337 686 1394 lustro,
721 1351 994 1393 quamquam
1015 1339 1121 1393 post
1140 1350 1327 1394 magnas
1346 1334 1647 1392 remissiones,

213 1400 387 1456 reliqua
419 1401 674 1443 creverunt:
720 1398 823 1443 inde
867 1399 1095 1456 plerisque
1137 1398 1264 1442 nulla
1302 1398 1392 1442 iam
1426 1413 1534 1443 cura
1565 1396 1643 1441 mi·

212 1462 381 1506 nuendi
414 1462 527 1506 aeris
561 1461 715 1520 alieni,
750 1461 870 1519 quod
898 1461 1138 1519 desperant
1163 1476 1297 1518 posse
1330 1460 1546 1519 persolvi3
1578 1476 1645 1504 ra-

212 1525 344 1594 piunt
382 1525 518 1569 etiam
560 1527 942 1582 consumuntque,
986 1523 1107 1582 quod
1145 1526 1303 1568 natum
1343 1526 1431 1581 est,
1472 1526 1524 1567 ut
1567 1522 1646 1580 qui

163 1600 183 1632 3
212 1589 301 1631 iam
343 1590 504 1645 putent
547 1603 593 1632 se
635 1603 729 1632 non
771 1587 858 1632 sibi
899 1602 1092 1645 parcere.
1161 1585 1496 1631 Occurrendum
1537 1600 1644 1645 ergo
1672 1598 1709 1625 2⁰

212 1650 555 1721 augescentibus
599 1650 720 1694 vitiis
764 1653 809 1694 et
851 1649 1120 1709 medendum
1164 1652 1242 1693 est.
1308 1648 1516 1693 Medendi
1554 1664 1646 1693 una

211 1713 346 1769 ratio,
389 1713 426 1757 si
466 1728 558 1757 non
597 1728 803 1782 nummo,
847 1713 923 1756 sed
963 1711 1167 1770 partibus
1207 1713 1352 1756 locem
1395 1726 1447 1756 ac
1486 1710 1645 1755 deinde

212 1792 266 1819 ex
309 1776 419 1819 meis
462 1776 637 1832 aliquos
678 1776 826 1833 operis
870 1778 1119 1832 exactores,
1171 1774 1379 1819 custodes
1420 1773 1644 1818 fructibus

212 1853 389 1896 ponam.
436 1838 497 1882 Et
524 1838 695 1895 alioqui
722 1839 897 1882 nullum
926 1838 1088 1883 iustius
1116 1851 1258 1896 genus
1285 1836 1476 1894 reditus,
1509 1851 1644 1895 quam

161 1914 184 1945 4
214 1900 333 1958 quod
377 1904 517 1958 terra,
561 1902 754 1959 caelum,
796 1916 940 1944 annus
983 1901 1130 1944 refert.
1196 1899 1259 1944 At
1300 1900 1388 1944 hoc
1430 1914 1641 1958 magnam
1668 1911 1684 1938 2

210 1964 367 2020 fidem,
400 1979 523 2008 acres
558 1965 733 2021 oculos,
765 1978 1029 2008 numerosas
1057 1978 1217 2007 manus
1245 1963 1404 2021 poscit.
1457 1961 1642 2020 Experi—

210 2026 381 2070 undum
414 2029 566 2070 tamen
600 2030 645 2070 et
679 2026 807 2083 quasi
839 2027 887 2070 in
920 2026 1062 2070 veteri
1094 2025 1254 2070 morbo
1289 2025 1516 2083 quaelibet
1547 2039 1643 2068 mu-

161 2100 182 2132 5
210 2089 395 2132 tationis
447 2089 615 2133 auxilia
666 2088 929 2147 temptanda
978 2091 1095 2133 sunt.
1160 2087 1320 2145 Vides,
1372 2102 1507 2145 quam
1549 2102 1643 2131 non

212 2151 402 2195 delicata
441 2167 511 2195 me
552 2167 686 2196 causa
725 2151 850 2196 obire
889 2152 1087 2209 primum
1129 2151 1389 2195 consulatus
1422 2150 1491 2194 tui
1523 2149 1639 2194 diem

211 2228 303 2256 non
337 2214 471 2271 sinat3
506 2229 638 2272 quem
672 2217 825 2258 tamen
857 2214 933 2259 1110
967 2229 1148 2271 quoque
1181 2216 1233 2257 ut
1265 2227 1475 2271 praesens
1508 2212 1641 2269 votis,
1667 2225 1703 2253 30

212 2275 396 2334 gaudio,
428 2277 730 2334 gratulatione
764 2277 1012 2321 celebrabo.
1079 2276 1203 2321 Vale.

312 2428 331 2460 1
361 2424 508 2460 lassato
530 2437 566 2469 a,
589 2426 708 2462 Meo-r.
815 2424 887 2461 14*
908 2424 1010 2474 (in)
1031 2424 1084 2471 pl.
1107 2437 1196 2461 ann.
1213 2425 1280 2471 (an
1299 2421 1353 2470 pl.
1370 2422 1472 2472 <111>
1494 2434 1585 2459 31111.
1605 2422 1639 2469 ,9)

211 2474 349 2512 Muell.
366 2496 412 2501 -
436 2475 573 2512 Velim:
588 2474 690 2523 (in)
705 2474 758 2521 pl.
781 2485 816 2511 a.
832 2474 1105 2511 ordinaturum
1127 2473 1316 2519 detineat,
1336 2473 1379 2510 in
1399 2483 1476 2519 quo
1499 2474 1549 2521 (=
1563 2484 1640 2520 qua

209 2524 252 2561 in
277 2526 345 2570 re).
450 2527 495 2560 25
525 2525 566 2560 at
592 2524 666 2561 hoc
694 2525 846 2568 Gatan„
875 2525 926 2561 ad
952 2525 1026 2562 hoc
1053 2525 1208 2571 Dpra.
