1716 2742
42 897 78 922 10

41 1212 76 1240 15

518 140 887 179 EPISTULARUM
913 140 986 178 VH
1013 144 1123 177 6-9,
1219 143 1222 146 ”
1465 142 1554 187 183

107 257 346 316 virumque
380 257 604 316 optimum
633 272 766 316 quam
796 257 1149 302 familiarissime
1177 256 1316 317 dilige
1343 272 1556 316 magnam

106 321 391 380 voluptatem
434 336 490 365 ex
523 320 723 366 amicitia
756 320 851 366 eius
886 323 1180 378 percepturus
1213 335 1298 365 nec
1331 320 1388 365 ad
1421 320 1556 365 breve

106 387 299 443 tempus.
369 382 489 429 Nam
531 399 634 429 cum
676 383 887 428 omnibus
928 383 1174 428 virtutibus
1212 383 1429 428 abundat-
1455 386 1555 428 tum

105 446 192 497 hac
233 448 497 506 praecipue,
542 447 664 506 quod
703 447 843 492 habet
882 447 1127 492 maximam
1169 447 1216 491 in
1257 462 1410 492 amore
1451 462 1556 492 con-

105 510 332 556 stantiam.
399 509 524 555 Vale.

457 640 463 646 ·
797 578 869 618 IX·
971 588 1100 633 lton}
1128 617 1175 637 nv
1199 595 1544 680 ηιιζῖἅβίζίῖ

499 668 542 702 C.
564 668 772 703 PLINIUS
800 668 966 703 FUSCO
996 668 1092 702 SUO
1123 670 1160 702 S.

200 751 407 810 Quaeris,
452 752 834 810 quemadmodum
878 753 925 796 in
969 767 1169 810 secessu,
1209 767 1298 810 quo
1343 752 1434 796 iam
1478 751 1556 796 diu

1586 766 1604 798 1

103 814 289 874 frueris,
316 817 478 874 putem
511 818 556 860 te
591 815 772 860 studere
806 818 1028 874 oportere.
1074 814 1202 861 Utile
1229 816 1278 859 in
1304 814 1479 874 primis,
1512 818 1557 860 et
1584 830 1606 862 2

105 878 240 923 multi
271 879 577 938 praecipiunt,
619 879 694 923 vel
736 894 792 924 ex
835 877 1006 924 Graeco
1051 879 1099 923 in
1132 879 1348 923 Latinum
1388 879 1461 924 vel
1501 894 1557 923 ex

102 941 267 987 Latino
307 946 482 988 vertere
521 943 568 987 in
611 940 853 1001 Graecum3
893 958 984 1001 quo
1019 957 1183 1002 genere
1217 942 1555 995 exercitationis

101 1005 357 1064 proprietas
391 1006 696 1064 splendorque
729 1006 992 1063 verborum,
1019 1007 1152 1064 copia
1185 1006 1453 1065 figurarum,
1487 1006 1555 1051 vis

103 1068 382 1127 explicandi,
422 1072 655 1126 praeterea
688 1069 942 1114 imitatione
978 1069 1255 1127 optimorum
1291 1069 1459 1114 similia
1490 1069 1556 1113 in-

102 1132 314 1177 veniendi
352 1132 546 1178 facultas
589 1136 793 1191 paratur3
829 1133 985 1190 simul,
1000 1158 1003 1162 ·
1019 1149 1134 1191 quae
1167 1133 1397 1193 legentem
1430 1131 1556 1177 fefelss

102 1195 278 1254 lissent,
302 1195 651 1241 transferentem
677 1196 836 1256 fugere
864 1211 958 1241 non
983 1200 1188 1254 possunt.
1235 1195 1556 1256 Intellegentia

103 1275 159 1304 ex
190 1259 279 1304 hoc
313 1262 359 1303 et
381 1259 600 1305 iudicium
623 1259 894 1318 adquiritur.
931 1259 1064 1304 Nihil
1085 1260 1280 1317 offuerit,
1301 1275 1416 1317 quae
1435 1260 1556 1319 lege·

101 1322 164 1366 ris
206 1321 449 1381 hactenus,
490 1326 543 1367 ut
585 1339 681 1368 rem
738 1326 1150 1383 argumentumque
1197 1326 1368 1380 teneas,
1426 1323 1556 1381 quasi

53 1389 55 1391 ’
102 1386 331 1430 aemulum
372 1387 568 1431 scribere
607 1387 829 1445 lectisque
869 1387 1074 1431 conferre
1118 1402 1169 1431 ac
1210 1387 1367 1431 sedulo
1407 1387 1555 1445 pensi-

41 1529 78 1556 20

39 1844 75 1872 25

101 1453 219 1508 tare,
252 1449 362 1507 quid
395 1453 467 1508 tu,
501 1450 609 1507 quid
645 1451 722 1495 ille
757 1450 1052 1495 commodius.
1100 1450 1266 1509 Magna
1294 1449 1554 1509 gratulatio,

105 1513 144 1557 si
177 1527 272 1557 non
302 1514 432 1558 nulla
464 1517 534 1571 tu,
568 1529 762 1573 magnus
797 1514 962 1572 pudor,
998 1513 1036 1556 si
1071 1516 1234 1558 cuncta
1267 1513 1345 1557 ille
1378 1513 1553 1558 melius.

101 1575 279 1621 Licebit
317 1576 547 1621 interdum
588 1580 634 1622 et
672 1577 912 1622 notissima
953 1577 1120 1636 eligere
1161 1579 1206 1620 et
1246 1580 1417 1622 certare
1451 1592 1554 1621 cum

102 1639 267 1684 electis.
321 1638 486 1685 Audax
518 1641 647 1698 haec,
682 1655 775 1685 non
804 1643 957 1684 tamen
984 1639 1210 1698 improba,
1245 1640 1353 1698 quia
1386 1643 1556 1685 secreta

102 1703 355 1748 contentio:
390 1719 667 1762 quamquam
702 1704 871 1747 multos
906 1703 1111 1747 videmus
1140 1703 1235 1747 eius
1264 1703 1389 1748 modi
1416 1706 1555 1749 certa-

102 1766 226 1811 mina
265 1766 354 1811 sibi
397 1782 501 1812 cum
544 1767 689 1811 multa
722 1766 854 1810 laude
896 1766 1162 1825 sumpsisse,
1204 1782 1409 1825 quosque
1453 1768 1562 1821 sub-¹

103 1829 232 1888 sequi
266 1830 376 1874 satis
410 1830 657 1887 habebant,
693 1829 800 1873 dum
834 1845 927 1874 non
961 1830 1220 1888 desperant,
1248 1831 1553 1875 antecessisse.

103 1892 300 1951 Poteris,
343 1895 388 1937 et
435 1908 550 1951 quae
592 1893 778 1950 dixeris,
824 1896 930 1952 post
974 1893 1250 1938 oblivionem
1297 1896 1553 1951 retractare,

103 1956 249 2000 multa
286 1955 500 2014 retinere,
542 1955 675 2015 plura
714 1957 927 2014 transire,
967 1956 1055 2000 alia
1096 1957 1430 2014 interscribere,
1466 1957 1554 2001 alia

68 2044 69 2047 ¹
101 2019 359 2064 rescribere.
432 2019 733 2064 Laboriosum
777 2019 900 2064 istud
944 2023 988 2064 et
1030 2021 1181 2065 taedio
1226 2021 1433 2079 plenum,
1477 2021 1553 2065 sed

39 2161 76 2188 30

103 2082 373 2127 difficultate
414 2083 513 2141 ipsa
551 2082 856 2139 fructuosum,
894 2084 1166 2128 recalescere
1207 2100 1262 2128 ex
1296 2084 1474 2143 integro
1509 2088 1555 2128 et

102 2161 330 2195 resumere
358 2146 579 2204 impetum
615 2146 811 2191 fractum
832 2147 1155 2205 omissumque,
1182 2149 1413 2205 postremo
1434 2162 1554 2191 nova

102 2210 229 2254 velut
261 2209 466 2254 membra
499 2212 682 2267 peracto
718 2211 899 2268 corpori
933 2211 1135 2255 intexere
1167 2225 1251 2255 nec
1285 2214 1437 2255 tamen
1464 2210 1553 2269 pri-

105 2288 184 2317 ora
216 2273 412 2317 turbare.
480 2271 585 2317 Scio
619 2288 742 2317 nunc
774 2273 860 2317 tibi
894 2289 990 2319 esse
1024 2275 1320 2332 praecipuum
1350 2274 1552 2318 studium

103 2336 281 2394 orandi3
315 2336 393 2380 sed
427 2352 519 2380 non
553 2336 654 2381 ideo
690 2351 868 2395 semper
900 2352 1153 2396 pugnacem
1188 2337 1310 2381 hunc
1345 2340 1390 2381 et
1424 2337 1552 2394 quasi

205 2451 226 2484 9
253 2447 354 2484 utile
382 2471 428 2474 —
459 2451 505 2484 10
540 2447 792 2495 praecipiunt
821 2449 924 2494 Ma,
953 2449 1019 2495 K.,
1054 2448 1146 2485 utili
1171 2448 1272 2485 mihi
1305 2449 1478 2496 primum
1512 2451 1561 2493 et⁴

102 2498 220 2535 multi
246 2500 536 2546 praeceperunt
557 2498 610 2544 D,
631 2498 732 2535 utile
762 2499 862 2536 mihi
893 2499 1067 2546 primum
1096 2500 1136 2536 et
1162 2498 1301 2536 multis
1329 2499 1489 2547 (multos
1516 2502 1550 2548 r)

102 2550 318 2596 praecipue
339 2548 415 2586 erit
431 2561 504 2596 pr,
525 2548 624 2586 utile
646 2549 687 2585 in
708 2549 847 2597 primis
870 2551 925 2597 (et
945 2549 1063 2586 multi
1084 2551 1388 2598 praeceperunt)
1412 2552 1549 2588 Muell.

1584 1654 1606 1686 4
