1630 2678
148 137 233 181 106
733 128 771 165 O.
797 104 946 164 Pmm'

145 246 325 350 &gnum
369 241 534 299 aliquid
578 240 767 296 auribus,
806 239 987 296 dignum
1036 235 1200 280 chartis
1239 233 1527 278 elaboremus.

189 308 266 350 ale.

155 395 346 436 ’,ἐκώ
375 389 507 475 ᾗζόῗκΡ
529 373 871 473 ᾬῙςςᾶζᾍΒΙΝΙΟ
898 437 1063 470 GALLO
1092 435 1187 470 SUO
1221 434 1259 470 S.

224 511 282 554 Et
301 511 504 554 admones
525 511 568 551 et
587 522 728 565 rogas,
760 509 811 549 ut
839 505 1073 562 suscipiam
1107 518 1284 548 causam
1316 501 1531 548 Corelliae
1556 516 1572 543 ⁵

147 572 337 616 absentis
377 572 528 614 contra
579 567 622 612 C.
668 567 921 623 Caecilium,
973 566 1198 609 consulem
1240 563 1530 623 designatum.

147 633 271 685 Quod
303 632 521 687 admones,
553 629 714 688 gratias
748 643 845 687 ago,
883 627 1000 684 quod
1032 641 1176 685 rogas,
1208 640 1380 683 queror.
1443 623 1532 669 Ad-

147 694 313 737 moneri
345 692 460 736 enim
493 691 643 747 debeo,
686 693 736 733 ut
780 690 926 745 sciam,
969 688 1117 746 rogari
1154 702 1246 731 non
1290 686 1441 744 debeo,
1482 688 1534 730 ut

147 754 323 810 faciam,
357 752 474 810 quod
506 751 616 795 mihi
647 766 737 795 non
780 751 922 794 facere
962 748 1269 806 turpissimum
1311 750 1388 792 est.
1461 746 1534 791 An

147 830 227 873 ego
260 815 374 858 tueri
406 812 565 857 Corelli
609 813 745 855 filiam
790 810 1019 854 dubitem?
1079 809 1164 854 Est
1207 809 1318 853 mihi
1355 808 1534 867 quidem
1559 823 1596 850 ιο

148 891 246 920 cum
278 876 386 931 isto,
417 877 569 918 contra
602 888 730 930 quem
764 888 832 916 me
865 872 1062 928 advocas,
1093 885 1186 915 non
1210 871 1342 928 plane
1372 869 1534 914 famili-

147 939 244 992 aris,
265 936 338 979 sed
363 939 510 979 tamen
537 934 739 978 amicitia.
803 933 985 977 Accedit
1009 933 1097 976 huc
1123 932 1315 991 dignitas
1339 931 1534 976 hominis

148 1000 277 1053 atque
307 996 381 1040 hic
413 997 518 1053 ipse,
551 996 621 1040 cui
655 995 895 1038 destinatus
928 996 1013 1050 est,
1044 994 1208 1050 honor3
1247 992 1372 1038 cuius
1403 991 1535 1036 nobis

148 1060 232 1102 hoc
257 1058 396 1101 maior
426 1057 594 1115 agenda
625 1056 867 1100 reverentia
899 1058 983 1112 est,
1015 1055 1133 1112 quod
1165 1055 1253 1098 iam
1278 1054 1356 1098 illo
1389 1053 1533 1098 functi

150 1134 310 1162 sumus.
372 1117 583 1162 Naturale
616 1120 682 1161 est
713 1117 845 1174 enim,
878 1119 927 1159 ut
960 1132 1027 1173 ea,
1068 1131 1180 1173 quae
1219 1115 1318 1173 quis
1350 1115 1535 1172 adeptus
1561 1126 1597 1155 ιε

150 1183 233 1236 est,
264 1180 357 1236 ipse
390 1195 521 1236 quam
554 1178 822 1235 amplissima
853 1177 1093 1221 existimari
1125 1176 1242 1221 velit.
1308 1175 1394 1220 Sed
1425 1175 1536 1220 mihi

149 1241 361 1299 cogitanti
387 1240 638 1283 adfuturum
671 1254 740 1282 me
765 1238 925 1283 Corelli
950 1238 1066 1282 filiae
1093 1238 1241 1282 omnia
1265 1237 1351 1282 ista
1375 1236 1537 1296 frigida

151 1304 194 1344 et
234 1301 380 1344 inania
420 1301 631 1344 videntur.
714 1299 980 1343 Obversatur
1022 1300 1160 1344 oculis
1202 1299 1278 1343 ille
1318 1299 1404 1352 vir,
1447 1313 1535 1355 quo

150 1363 367 1405 neminem
405 1364 521 1405 aetas
559 1364 709 1405 nostra
749 1361 1008 1418 graviorem,
1049 1360 1326 1417 sanctiorem,
1367 1359 1537 1404 subtili-

153 1438 271 1466 orem
313 1423 498 1478 denique
539 1422 660 1478 tulit3
702 1437 831 1478 quem
874 1437 955 1480 ego
1001 1437 1102 1466 cum
1144 1437 1198 1466 ex
1247 1421 1537 1466 admiratione
1561 1431 1598 1460 ὀ

155 1483 333 1540 diligere
366 1483 623 1539 coepissem,
651 1483 768 1539 quod
807 1484 979 1527 evenire
1019 1486 1174 1527 contra
1218 1484 1350 1539 solet,
1395 1481 1537 1540 magis

156 1543 390 1586 admiratus
436 1559 551 1598 sum,
602 1547 836 1600 postquam
886 1544 1060 1601 penitus
1099 1544 1284 1602 inspexi.
1358 1541 1539 1600 Inspexi

156 1604 270 1647 enim
295 1604 487 1659 penitus:
518 1605 629 1647 nihil
660 1605 733 1648 ille
765 1621 790 1648 a
831 1621 900 1649 me
933 1608 1168 1662 secretum,
1205 1620 1298 1649 non
1333 1604 1540 1660 ioculare,

156 1679 247 1707 non
279 1665 449 1718 serium,
479 1680 569 1708 non
609 1666 745 1722 triste,
785 1681 876 1709 non
915 1667 1092 1710 laetum.
1168 1665 1539 1710 Adulescentulus

157 1740 291 1781 eram,
324 1728 367 1768 et
398 1725 483 1768 iam
516 1726 622 1768 mihi
654 1727 707 1770 ab
742 1728 818 1770 illo
851 1728 994 1771 honor
1026 1730 1157 1784 atque
1183 1727 1316 1771 etiam
1347 1725 1600 1783 (audeboflfi

157 1783 317 1842 dicere)
350 1788 589 1829 reverentia
619 1790 668 1829 ut
700 1789 870 1843 aequali
901 1789 1155 1833 habebatur.
1217 1787 1299 1832 Ille
1337 1801 1461 1832 meus
1493 1787 1542 1831 in

158 1846 355 1902 petendis
386 1846 625 1890 honoribus
659 1849 919 1906 suffragator
952 1852 995 1893 et
1026 1850 1163 1906 testis,
1196 1850 1271 1894 ille
1309 1849 1357 1892 in
1390 1848 1540 1892 incho-

158 1907 281 1949 andis
314 1907 522 1950 deductor
562 1911 604 1950 et
649 1923 810 1962 comes,
843 1910 916 1953 ille
950 1911 995 1953 in
1036 1911 1238 1968 gerendis
1281 1909 1540 1954 consiliator

158 1970 201 2010 et
231 1970 393 2023 rector,
413 1968 486 2010 ille
519 1968 702 2024 denique
722 1970 768 2012 in
788 1971 989 2014 omnibus
1011 1972 1168 2015 officiis
1194 1971 1372 2028 nostris,
1390 1985 1542 2028 quam-

159 2043 289 2083 quam
322 2030 365 2070 et
396 2028 639 2072 imbecillus
672 2033 715 2072 et
747 2031 902 2086 senior,
935 2033 1059 2088 quasi
1090 2033 1260 2076 iuvenis
1293 2035 1338 2076 et
1367 2031 1540 2076 validus
1565 2039 1603 2067 ⁸⁰
1628 2042 1630 2045 ’

159 2088 516 2145 conspiciebatur.
586 2089 804 2141 Quantum
849 2092 922 2135 ille
966 2093 1108 2137 famae
1152 2109 1274 2138 meae
1318 2093 1451 2149 domi,
1493 2092 1542 2135 in

159 2149 355 2205 publico,
400 2152 612 2204 quantum
668 2152 798 2195 etiam
854 2154 969 2209 apud
1014 2154 1258 2211 principem
1301 2153 1542 2199 adstruxit!

256 2249 278 2280 4
312 2245 351 2282 G.
372 2245 509 2281 Asinio
536 2245 647 2282 Gallo
672 2245 691 2282 ,9
717 2247 858 2293 Stanyl.
992 2253 1014 2284 5
1042 2249 1121 2286 abs.
1149 2249 1231 2286 Cor.
1259 2261 1362 2287 caus.
1389 2250 1543 2296 Fpra,

159 2292 241 2329 Cor.
263 2292 343 2329 abs.
365 2305 395 2329 c.
417 2294 467 2338 R,
493 2292 571 2329 abs.
594 2305 694 2330 caus.
716 2295 797 2331 Cor.
818 2305 849 2331 ς.
977 2302 1020 2333 10
1047 2298 1202 2344 quidem
1229 2299 1325 2335 mihi
1351 2298 1543 2343 RFDa,

158 2342 247 2388 may
407 2346 452 2377 14
479 2342 628 2389 agenda
654 2344 905 2390 RFDpra,
932 2347 981 2382 K.
1003 2348 1055 2382 ΙΙ
1075 2347 1189 2394 (disp.
1211 2349 1238 2383 Ι
1260 2351 1336 2393 18),
1361 2346 1545 2383 habenda
1626 2371 1630 2382 .

160 2370 302 2435 Μιὶς,
329 2390 380 2426 K.
401 2391 435 2426 1.
580 2395 625 2426 20
652 2391 816 2437 denique
843 2394 1043 2440 RFpra,
1071 2396 1168 2440 octo,
1195 2397 1342 2441 Muell„
1368 2407 1437 2434 om.
1462 2395 1544 2432 ren.

160 2442 206 2475 28
233 2450 256 2475 a
281 2450 342 2475 me
367 2438 433 2476 ille
459 2439 680 2486 RFDpa,
705 2442 803 2488 vulq.

1624 2179 1630 2215 i

1604 2488 1630 2678 ἑ
