1630 2678
140 146 197 189 74
735 139 773 176 c,
795 139 925 176 PLlNI

136 255 414 298 varicationis
434 253 612 298 crimine
632 252 884 309 σοι-11113331,
910 252 1050 309 pressi
1077 254 1223 296 tamen
1241 251 1423 310 frustra;
1455 267 1524 298 ac·

137 315 242 359 cidit
273 316 386 359 enim
418 331 484 358 res
517 314 734 358 contraria
765 316 809 357 et
848 327 976 369 nova,
1015 314 1066 356 ut
1106 315 1361 358 accusatore
1401 329 1524 372 prae·

66 383 111 417 ³5
136 376 411 420 varicationis
444 376 647 418 damnato
684 390 758 418 rea
798 374 1107 418 absolveretur.
1177 373 1382 432 Quaeris,
1417 375 1525 432 quid

135 451 230 493 nos,
260 431 363 480 dum
394 438 498 480 haec
530 436 748 494 aguntur?
809 434 1103 479 Indicavimus
1130 436 1302 480 senatui
1332 450 1388 480 ex
1410 435 1525 481 Nor-

135 498 249 541 bano
281 498 480 541 didicisse
510 512 591 540 nos
623 497 846 553 publicam
873 510 1049 540 causam
1089 511 1330 554 rursusque
1366 497 1524 542 debere

137 573 190 601 ex
239 559 407 616 integro
457 558 638 614 discere,
690 558 727 601 si
770 558 845 601 ille
888 558 1214 614 praevaricator
1249 558 1526 616 probaretur,

137 622 264 675 atque
296 620 370 675 ita,
400 619 503 662 dum
541 619 616 662 ille
660 619 886 677 peragitur
928 633 1046 675 reus,
1089 618 1291 663 sedimus.
1363 619 1525 664 Postea

135 679 366 723 Norbanus
399 680 602 724 omnibus
634 680 787 723 diebus
813 680 1079 738 cognitionis
1105 680 1307 724 interfuit
1324 681 1526 726 eandem·

136 755 218 796 que
249 756 387 796 usque
418 741 472 784 ad
505 743 746 784 extremum
777 742 848 784 vel
873 740 1164 785 constantiam
1195 741 1267 786 vel
1297 741 1525 787 audaciam

168 802 326 844 ertulit.

65 870 110 903 86
136 816 164 857 p
213 861 442 920 Interrogo
475 863 569 919 ipse
607 878 695 919 me,
727 878 783 906 an
821 863 986 919 aliquid
1025 864 1247 908 omiserim
1277 878 1444 922 rursus,
1481 866 1526 908 et

134 938 283 966 rursus
315 938 452 980 paene
485 923 624 967 omisi.
688 922 867 967 Summo
901 924 969 968 die
1003 923 1177 969 Salvius
1208 925 1424 970 Liberalis
1460 941 1525 970 re-

134 984 278 1040 liquos
309 985 477 1042 legatos
511 985 702 1042 graviter
733 985 963 1042 increpuit,
993 988 1219 1043 tamquam
1249 1001 1342 1031 non
1361 1001 1526 1044 omnes,

136 1059 246 1101 quos
278 1045 526 1089 mandasset
557 1046 800 1102 provincia,
831 1061 928 1090 reos
960 1048 1255 1105 peregissent,
1285 1051 1437 1105 atque,
1474 1051 1527 1092 ut

135 1108 202 1149 est
231 1105 464 1150 vehemens
497 1108 540 1149 et
571 1107 776 1163 disertus,
807 1107 852 1150 in
891 1108 1125 1152 discrimen
1163 1108 1357 1153 adduxit.
1420 1108 1526 1154 Pro-

135 1166 225 1209 texi
256 1167 374 1210 viros
407 1167 597 1223 optimos
636 1168 895 1225 eosdemque
927 1170 1220 1227 gratissimos:
1257 1171 1368 1214 mihi
1406 1173 1525 1215 certe

136 1227 292 1270 debere
324 1242 370 1271 se
401 1228 672 1285 praedicant,
712 1229 828 1285 quod
867 1230 992 1273 illum
1030 1232 1254 1276 turbinem
1294 1232 1524 1276 evaserint.

66 1294 109 1327 87
136 1287 223 1331 Hic
254 1288 337 1331 erit
368 1289 579 1345 epistulae
610 1290 722 1346 finis,
754 1306 800 1334 re
831 1306 934 1334 vera
959 1292 1078 1349 finis3
1109 1293 1306 1337 litteram
1335 1308 1428 1338 nou
1452 1293 1527 1337 ad·

137 1348 250 1405 dam,
275 1349 444 1392 etiamsi
463 1350 606 1394 adhuc
625 1351 791 1408 aliquid
811 1353 1066 1408 praeterisse
1092 1369 1162 1398 me
1181 1369 1370 1399 sensero.
1402 1354 1525 1399 Vale.

801 1477 849 1516 X.
883 1459 1085 1540 '⁹⁶⁷⁸‘qu
1103 1471 1258 1546 slata...
1279 1497 1384 1527 50„-

139 1547 180 1580 (Ἴ.
203 1548 401 1581 PLINlUb⁸
429 1550 691 1584 VESTR-ICIO
720 1552 1000 1586 SPURINNAE
1029 1554 1122 1587 SUO
1150 1555 1214 1588 ET
1241 1554 1460 1589 COTTIAE
1486 1554 1526 1590 S·

91 1635 110 1667 1
218 1625 524 1684 Composuisse
555 1645 622 1673 me
655 1632 867 1688 quaedam
900 1633 951 1676 de
983 1634 1076 1678 filio
1118 1637 1265 1680 vestro
1302 1651 1395 1679 non
1435 1634 1528 1680 dixi

137 1686 281 1743 vobis,
313 1703 412 1731 cum
443 1691 638 1746 proxime
671 1692 786 1748 apud
816 1708 894 1737 vos
936 1694 1020 1751 fui,
1060 1696 1252 1752 primum
1297 1696 1400 1753 quia
1435 1711 1527 1741 non

138 1747 235 1791 ideo
268 1749 543 1807 scripseram,
575 1754 624 1794 ut
655 1753 859 1810 dicerem,
897 1756 973 1799 sed
1004 1759 1053 1799 ut
1094 1772 1192 1801 meo
1225 1757 1384 1815 amori,
1427 1772 1526 1802 meo

138 1809 279 1852 dolori
312 1810 624 1868 satisfacerem,
656 1813 808 1857 deinde
842 1816 944 1871 quia
969 1819 1028 1874 tc,
1055 1815 1288 1876 Spurinna,
1320 1833 1421 1863 cum
1452 1835 1527 1863 au-

138 1869 273 1913 disses
305 1870 508 1914 recitasse
540 1887 625 1929 me,
658 1878 708 1917 ut
739 1875 848 1918 mihi
886 1877 979 1933 ipse
1012 1878 1180 1936 dixisti,
1213 1879 1319 1938 quid
1350 1880 1525 1924 recitas-

91 1941 111 1972 2
139 1944 243 1986 sem,
275 1931 405 1974 simul
437 1932 607 1976 audisse
646 1935 880 1979 credebam.
945 1937 1174 1984 Praeterea
1211 1941 1377 1985 veritus
1417 1956 1527 1998 sum,

137 2005 192 2034 ne
235 2006 314 2034 vos
358 1992 481 2036 festis
525 1993 676 2038 diebus
730 1997 1056 2056 confunderem,
1102 2002 1139 2044 si
1179 2002 1227 2045 in
1270 2002 1527 2046 memoriam

138 2051 386 2109 gravissimi
416 2054 560 2097 luctus
593 2056 871 2101 reduxissem.
923 2059 1054 2103 Nunc
1093 2076 1268 2120 quoque
1299 2063 1527 2121 paulisper

136 2111 366 2169 haesitavi,
397 2114 442 2156 id
467 2115 623 2172 solum,
648 2118 765 2172 quod
790 2119 982 2176 recitavi,
1006 2122 1223 2167 mitterem
1249 2123 1527 2183 exigentibus

136 2172 263 2216 vobis
295 2189 351 2216 311
383 2174 613 2232 adicerem,
641 2192 750 2233 quae
782 2179 829 2221 in
872 2180 990 2224 aliud
1022 2183 1228 2228 volumen
1271 2185 1421 2244 cogito
1462 2201 1527 2230 re-

90 2243 112 2277 8
138 2247 319 2278 servare.
383 2234 537 2292 Neque
570 2238 686 2280 enim
718 2238 958 2284 adfectibus
997 2245 1103 2287 meis
1142 2261 1230 2289 uno
1268 2246 1420 2290 libello
1459 2261 1527 2291 ca-

137 2294 355 2338 rissimam
405 2296 514 2339 mihi
565 2300 607 2340 et
651 2300 969 2345 sanctissimam
1020 2306 1275 2350 memoriam
1319 2308 1528 2365 prosequi

194 2450 203 2459 .
237 2402 384 2488 1310111)
402 2414 470 2440 om.
492 2404 538 2439 F.
634 2409 677 2441 21
700 2405 889 2444 Vestricio
909 2421 954 2446 ex
972 2412 1048 2448 solo
1067 2413 1116 2449 R.
1211 2417 1257 2449 23
1285 2415 1441 2461 quidem
1455 2426 1528 2462 pro

139 2462 231 2497 quia
306 2479 315 2488 .

1549 817 1586 845 10

1551 1123 1586 1152 15

1550 1491 1588 1519 20

1551 1832 1588 1861 25

1553 2137 1590 2166 δῦ
