1656 2684
155 147 181 190 8
742 139 779 174 e.
808 138 938 174 PLIM

154 253 260 297 mihi
299 253 380 296 hac
412 252 504 295 sola
536 250 728 294 mercede
760 264 887 306 posse
920 248 1159 304 corrumpi,
1197 250 1247 291 ut
1279 248 1349 292 vel
1379 251 1533 294 contra

154 314 353 357 Baeticos
392 313 541 356 adsim.
604 310 744 354 Paene
782 310 1004 367 praeterii,
1042 309 1158 365 quod
1196 307 1378 354 minime
1407 323 1526 367 prae·

153 374 407 418 tereundum
449 373 549 428 fuit,
591 372 806 428 accepisse
849 386 917 414 me
950 371 1135 414 cariotas
1169 370 1377 426 optimas,
1419 385 1530 428 quae

152 450 268 478 nunc
300 448 396 477 cum
429 434 522 476 ficis
555 436 598 475 et
630 432 784 475 boletis
818 431 1067 475 certandum
1101 431 1274 474 habent.
1338 431 1460 476 Vale.

787 569 899 608 vm.
1554 590 1572 617 ὅ

339 657 379 690 (¹.
402 656 599 689 PLINIUS
626 656 847 689 POMPEIO
878 656 1158 689 SATURNINO
1186 655 1280 690 SUO
1308 655 1346 690 S.

229 724 554 781 Peropportune
586 723 693 767 mihi
725 723 916 767 redditae
949 726 1050 767 sunt
1080 723 1251 767 litterae
1282 727 1405 783 tuae,
1435 725 1529 782 qui-

151 786 228 828 bus
255 785 482 843 flagitabas
490 818 502 841 ,
526 787 576 828 ut
601 785 680 828 tibi
706 785 870 841 aliquid
896 800 948 827 ex
974 785 1147 842 scriptis
1167 785 1276 829 meis
1295 786 1529 844 mitterem,

151 861 246 889 cum
289 861 368 904 ego
411 846 454 889 id
496 846 639 902 ipsum
681 845 974 889 destinassem.
1037 844 1258 890 Addidisti
1299 861 1404 906 ergo
1442 848 1530 892 cal-

150 907 262 950 caria
300 908 453 963 sponte
497 906 686 949 currenti
726 907 972 963 pariterque
1014 909 1057 950 et
1087 907 1168 950 tibi
1200 908 1375 952 veniam
1405 923 1528 954 recu-
1554 931 1590 958 ιο

149 967 270 1010 sandi
310 967 471 1010 laboris
513 970 557 1010 et
587 967 694 1010 mihi
726 968 925 1025 exigendi
957 968 1262 1012 verecundiam
1295 970 1528 1014 sustulisti.

148 1027 260 1071 Nam
302 1042 382 1071 nec
421 1043 490 1071 me
528 1028 678 1071 timide
709 1028 774 1071 uti
807 1029 928 1072 decet
959 1044 1030 1084 eo,
1070 1030 1187 1086 quod
1220 1030 1416 1075 oblatum
1449 1033 1528 1086 est,

147 1103 226 1131 nec
266 1092 308 1131 te
349 1088 537 1146 gravari,
581 1089 696 1144 quod
737 1089 1044 1146 depoposcisti.
1115 1089 1219 1134 Non
1260 1094 1328 1136 est
1366 1094 1527 1150 tamen,

148 1149 263 1205 quod
295 1149 349 1192 ab
378 1150 554 1192 homine
580 1149 794 1193 desidioso
821 1151 984 1206 aliquid
1011 1151 1113 1194 novi
1140 1152 1284 1209 operis
1310 1155 1526 1214 expectes.

147 1209 366 1253 Petiturus
408 1225 502 1253 sum
545 1211 679 1266 enim,
718 1214 769 1254 ut
805 1226 953 1255 rursus
986 1227 1110 1255 vaces
1143 1213 1354 1270 sermoni,
1394 1229 1526 1272 quem
1553 1235 1588 1264 ιι

147 1270 258 1325 apud
299 1271 540 1327 municipes
581 1286 700 1314 meos
732 1272 863 1315 habui
895 1273 1203 1317 bibliothecam
1236 1272 1526 1320 dedicaturus.

147 1330 323 1373 Memini
365 1331 539 1387 quidem
581 1334 624 1374 te
666 1333 750 1375 iam
794 1333 1002 1389 quaedam
1045 1338 1238 1391 notasse,
1280 1335 1357 1380 sed
1397 1351 1526 1395 gene-

146 1392 310 1447 raliter3
357 1391 452 1435 ideo
493 1407 610 1435 nunc
649 1407 776 1450 rogo,
818 1397 867 1437 ut
906 1410 994 1437 non
1035 1398 1206 1440 tantum
1247 1397 1526 1442 universitati

146 1451 236 1494 eius
269 1453 484 1508 attendas,
515 1468 664 1496 verum
698 1454 827 1497 etiam
861 1457 1112 1511 particulas,
1147 1473 1233 1514 qua
1265 1459 1380 1503 soles
1404 1459 1525 1516 lima,

147 1513 425 1568 persequaris.
483 1513 580 1557 Erit
611 1515 725 1557 enim
759 1519 802 1558 et
833 1519 934 1572 post
965 1519 1311 1564 emendationem
1335 1520 1524 1565 liberum
1549 1541 1587 1569 κο
1647 1566 1649 1570 ,

145 1572 271 1615 nobis
303 1574 371 1615 vel
403 1574 621 1629 publicare
650 1576 719 1618 vel
746 1578 978 1621 continere.
1036 1578 1151 1630 Quin
1175 1580 1311 1624 immo
1337 1581 1526 1627 fortasse
1650 1587 1656 1597 “

146 1632 257 1676 hanc
294 1634 431 1689 ipsam
470 1636 787 1679 cunctationem
826 1641 1018 1682 nostram
1060 1641 1106 1683 in
1143 1638 1400 1698 alterutram
1430 1657 1525 1687 sen-

146 1694 325 1736 tentiam
352 1695 660 1738 emendationis
686 1698 796 1741 ratio
823 1699 1024 1756 deducet,
1056 1694 1165 1756 quae
1191 1705 1268 1746 aut
1291 1703 1524 1763 indignum

146 1753 353 1809 editione,
396 1755 496 1797 dum
531 1757 698 1812 saepius
730 1762 952 1816 retractat,
995 1761 1186 1806 inveniet
1217 1767 1295 1808 aut
1327 1765 1524 1823 dignum,
1627 1810 1633 1814 ,

146 1813 247 1856 dum
290 1815 332 1857 id
374 1815 515 1871 ipsum
558 1818 792 1874 experitur,
833 1821 1002 1865 efficiet.
1076 1822 1350 1881 Quamquam
1390 1825 1522 1871 huius
1547 1845 1583 1874 as
1643 1834 1647 1835 ⁷

145 1875 433 1918 cunctationis
466 1891 584 1919 meae
617 1893 768 1921 causae
799 1896 887 1924 non
917 1885 1007 1926 tam
1040 1883 1086 1927 in
1117 1886 1291 1942 scriptis
1318 1901 1451 1944 quam
1475 1887 1524 1931 in

144 1934 239 1990 ipso
272 1937 475 1979 materiae
507 1952 663 1994 genere
696 1941 958 1998 consistunt3
991 1947 1056 1987 est
1087 1946 1202 1990 enim
1234 1949 1369 2004 paulo
1395 1948 1523 2006 quasi
1567 1960 1570 1963 “

144 1995 379 2052 gloriosius
412 2000 455 2040 et
486 1999 659 2041 elatius:
692 2002 888 2045 onerabit
918 2003 1002 2047 hoc
1027 2007 1286 2052 modestiam
1310 2012 1521 2066 nostram,

143 2055 314 2099 etiamsi
356 2057 480 2100 stilus
522 2059 614 2115 ipse
657 2075 830 2115 pressus
870 2063 1166 2122 demissusque
1198 2069 1351 2127 fuerit,
1390 2085 1521 2128 prop-

142 2118 260 2159 terea
311 2117 426 2173 quod
472 2120 667 2176 cogimur
711 2136 808 2165 cum
853 2124 904 2167 de
949 2127 1244 2172 munificentia
1287 2133 1519 2188 parentum
1545 2150 1583 2178 ω

140 2180 391 2220 nostrorum
433 2181 526 2221 tum
570 2180 622 2222 de
662 2185 811 2225 nostra
853 2184 1084 2241 disputare.
1147 2188 1322 2248 Anceps
1362 2192 1437 2236 hic
1477 2195 1522 2236 et

141 2236 335 2281 lubricus
367 2239 488 2281 locus
522 2243 606 2295 est,
647 2242 776 2285 etiam
809 2259 907 2287 cum
940 2247 1004 2289 illi
1035 2251 1269 2294 necessitas
1300 2253 1520 2298 lenocina-

141 2436 145 2441 ,
236 2395 258 2428 3
303 2395 475 2429 careotas
520 2396 639 2432 RFr
653 2409 693 2440 a,
739 2400 886 2444 Illum„
930 2413 1107 2449 eareopas
1147 2406 1207 2451 D,
1253 2410 1428 2454 caryotas
1467 2408 1521 2446 K.

139 2443 184 2476 1⁷
210 2442 362 2477 notasse
388 2442 480 2479 RF
484 2454 601 2488 pra,
627 2446 827 2484 adnotasse
855 2451 905 2486 M
917 2451 957 2495 V,
984 2453 1064 2488 edd.
