1630 2678
177 147 263 192 154
768 142 807 179 c,
827 142 962 178 Pium

125 269 146 301 3
173 259 370 301 senatum
410 258 639 299 accusaret.
705 254 949 311 Respondit
981 253 1132 298 Catius
1163 253 1331 299 Fronto
1370 245 1564 313 graviter

173 321 216 362 et
259 318 393 361 firme.
470 315 654 359 Senatus
699 316 792 372 ipse
837 315 1067 372 mirificus3
1117 330 1221 359 nam
1264 315 1333 360 illi
1373 330 1562 373 quoque,

174 379 249 435 qui
275 379 394 435 prius
420 379 631 435 negarant
650 376 843 430 Vareno,
872 392 982 434 quae
1008 377 1203 433 petebat,
1229 377 1382 421 eadem
1407 377 1564 433 danda,

123 451 147 483 4
172 442 404 496 postquam
438 441 561 481 erant
593 437 713 494 data,
745 440 1026 494 censuerunt3
1072 438 1272 496 singulos
1304 438 1422 482 enim
1454 439 1563 482 inte-

173 516 250 558 gra
280 515 325 542 re
358 499 586 545 dissentire
617 499 684 542 fas
717 514 829 555 esse,
860 503 1056 556 peracta,
1087 499 1206 556 quod
1237 499 1440 556 pluribus
1471 500 1563 557 pla-

125 572 146 605 5
173 562 349 615 cuisset,
393 559 560 603 cunctis
605 560 830 603 tuendum.
899 559 1069 604 Acilius
1114 563 1288 604 tantum
1331 559 1475 605 Rufus
1520 564 1564 604 et

172 636 269 665 cum
304 636 354 664 eo
388 624 553 678 septem
587 636 642 664 an
675 623 796 676 octo,
827 624 996 678 septem
1024 622 1179 678 immo,
1211 621 1259 665 in
1289 622 1437 679 priore
1468 636 1564 666 sen-

170 682 306 725 tentia
330 684 673 738 perseverarunt.
731 682 871 726 Erant
896 683 942 725 in
967 683 1050 726 hac
1076 682 1299 739 paucitate
1323 697 1415 727 non
1439 683 1565 740 nulli,

171 758 357 799 quorum
383 744 650 800 temporaria
675 744 867 801 gravitas
894 743 964 787 vel
989 744 1137 800 potius
1164 743 1396 802 gravitatis
1421 743 1563 793 imita7

123 814 144 846 6
170 805 232 847 tio
258 804 490 847 ridebatur.
554 804 621 847 Tu
645 807 794 847 tamen
813 806 1013 861 aestima,
1047 808 1263 862 quantum
1286 820 1369 850 nos
1395 805 1443 849 in
1466 805 1564 863 ipsa

170 879 317 922 pugna
349 865 598 909 certaminis
631 868 824 922 maneat,
861 866 985 910 cuius
1020 866 1146 922 quasi
1177 866 1398 924 praelusio
1431 869 1564 924 atque

171 927 420 982 praecursio
453 926 532 970 has
565 927 868 970 contentiones
896 927 1116 971 excitavit.
1182 927 1303 972 Vale.

812 1041 920 1080 XIV.

505 1126 547 1160 C.
568 1127 768 1160 PLINIUS
795 1127 1043 1162 MAURICIO
1072 1128 1167 1162 SUO
1195 1129 1232 1162 S.

123 1204 141 1235 1
255 1192 477 1238 Sollicitas
499 1210 568 1238 me
594 1195 640 1238 in
659 1194 955 1238 Formianum.
1014 1195 1202 1240 Veniam
1223 1211 1274 1240 ea
1293 1196 1564 1255 condicione,

168 1270 223 1298 ne
256 1255 360 1311 quid
392 1259 546 1299 contra
577 1256 855 1300 commodum
887 1260 1014 1300 tuum
1047 1257 1201 1313 facias3
1243 1272 1330 1314 qua
1360 1259 1566 1315 pactione

170 1315 356 1359 invicem
389 1317 498 1359 mihi
530 1331 674 1360 caveo.
737 1317 894 1374 Neque
932 1319 1049 1362 enim
1087 1334 1206 1363 mare
1244 1321 1290 1363 et
1318 1319 1444 1378 litus,
1489 1319 1565 1364 sed

170 1379 224 1432 te,
264 1377 423 1434 otium,
453 1378 701 1421 libertatem
733 1394 910 1435 sequor:
943 1380 1110 1436 alioqui
1135 1380 1273 1424 satius
1294 1383 1360 1424 est
1385 1381 1432 1424 in
1457 1381 1565 1425 urbe

122 1447 143 1478 2
169 1452 401 1481 remanere.
466 1437 652 1495 Oportet
690 1441 806 1483 enim
840 1441 988 1483 omnia
1026 1444 1104 1484 aut
1134 1441 1189 1484 ad
1228 1441 1420 1486 alienum
1452 1443 1566 1486 arbi-

170 1498 303 1541 trium
336 1502 412 1542 aut
449 1500 503 1542 ad
536 1515 663 1543 suum
702 1501 856 1545 facere.
919 1501 1008 1545 Mei
1047 1505 1163 1546 certe
1202 1503 1420 1547 stomachi
1455 1504 1566 1548 haec

171 1561 326 1602 natura
358 1563 440 1616 est,
471 1564 522 1604 ut
553 1561 666 1604 nihil
697 1562 783 1605 nisi
814 1565 959 1606 totum
993 1565 1037 1606 et
1068 1579 1238 1607 merum
1263 1564 1382 1608 velit.
1439 1563 1564 1609 Vale.

821 1677 907 1715 XV.

174 1723 213 1785 f
523 1759 566 1794 C.
584 1761 783 1796 PLINIUS
809 1763 1017 1798 ROMANO
1043 1764 1137 1798 SUO
1171 1764 1210 1799 S.

126 1848 144 1879 1
257 1837 468 1882 Mirificae
487 1842 550 1883 rei
575 1857 665 1884 non
684 1843 940 1899 interfuisti,
972 1860 1028 1888 ne
1054 1860 1136 1902 ego
1165 1845 1360 1903 quidem3
1393 1846 1469 1890 sed
1495 1861 1565 1890 me

172 1913 321 1942 recens
366 1899 515 1943 fabula
559 1903 740 1959 excepit.
802 1904 1050 1949 Passennus
1082 1906 1264 1963 Paulus,
1310 1907 1566 1964 splendidus

173 1973 305 2015 eques
317 1959 540 2004 Romanus
561 1966 604 2005 et
623 1964 668 2005 in
688 1965 841 2019 primis
862 1967 1070 2022 eruditus,
1091 1968 1424 2026 scribit‘elegos.
1452 1967 1566 2012 Gen-

173 2019 361 2063 tilicium
379 2020 465 2064 hoc
484 2023 568 2078 illi3
588 2027 653 2067 est
673 2025 788 2068 enim
810 2027 1036 2084 municeps
1056 2027 1261 2085 Properti
1279 2031 1412 2086 atque
1433 2029 1566 2073 etiam

125 2089 147 2122 2
173 2080 288 2123 inter
319 2082 504 2126 maiores
538 2099 639 2127 suos
666 2084 943 2142 Propertium
974 2093 1188 2132 numerat.
1250 2089 1295 2133 Is
1327 2104 1428 2134 cum
1459 2090 1567 2134 reci-

172 2143 302 2197 taret,
335 2143 397 2185 ita
423 2144 567 2200 coepit
592 2145 752 2188 dicere:
785 2147 975 2204 ePrisce,
1006 2150 1182 2194 iubes?'
1228 2149 1301 2193 Ad
1325 2151 1412 2195 hoc
1442 2150 1566 2195 Iavo-

173 2202 299 2246 lenus
343 2202 519 2248 Priscus
571 2203 739 2264 (aderat
789 2208 904 2251 enim
955 2213 1006 2253 ut
1050 2210 1189 2256 Paulo
1234 2211 1566 2271 amicissimus):

274 2314 317 2346 17
345 2311 410 2347 sed
435 2313 474 2347 te
500 2313 620 2348 otium
652 2313 870 2351 libertatem
898 2317 997 2362 Ma,
1033 2319 1100 2355 sed
1131 2320 1171 2355 te
1202 2320 1253 2355 ot.
1281 2319 1321 2355 et
1347 2317 1415 2354 lib.
1442 2319 1570 2365 Drff,L

174 2358 242 2395 sed
268 2360 320 2395 ot.
346 2361 385 2395 et
411 2360 475 2396 lib.
491 2373 532 2406 p,
562 2361 730 2398 Sichard.
752 2368 786 2399 et
805 2365 1068 2404 ‘membranae’
1096 2368 1224 2404 Modii
1247 2371 1400 2404 novant.
1420 2368 1499 2405 lect.
1519 2369 1566 2405 51

175 2407 286 2444 Grut.
312 2408 424 2454 lamp.
444 2410 481 2446 V
494 2421 534 2455 p.
557 2413 638 2447 136.
788 2414 858 2448 29*
884 2413 1018 2451 iubes?
1045 2428 1119 2463 eqo,
1148 2416 1197 2461 cf.
1223 2416 1422 2453 editionem
1445 2428 1566 2458 meam

175 2468 210 2492 a.
229 2459 337 2501 1904,
362 2458 413 2493 II
429 2469 469 2504 p.
490 2461 539 2494 56
563 2471 613 2505 sq.
1559 2488 1570 2493 <

1590 825 1626 852 1⁰
