1716 2742
184 153 275 197 212
809 146 848 183 c.
870 145 1004 182 PLlNI

184 268 297 321 erat,
344 265 526 308 illorum
573 262 728 318 etiam,
774 275 886 318 quos
933 260 1083 304 Pallas
1136 275 1229 304 non
1277 259 1616 319 dedignabatur.

181 327 530 371 Inveniebantur
571 327 723 368 tamen
764 324 956 368 honesto
988 324 1090 367 loco
1135 322 1250 380 nati,
1293 323 1371 380 qui
1413 325 1618 380 peterent

182 392 503 447 cuperentque,
531 387 652 444 quod
680 386 775 429 dari
801 385 984 443 liberto,
1004 385 1211 443 promitti
1231 385 1370 429 servis
1390 385 1616 429 videbant.

109 464 153 497 17
277 451 419 504 Quam
453 451 596 506 iuvat,
631 449 752 506 quod
786 448 834 492 in
866 451 1072 505 tempora
1105 447 1184 492 illa
1209 462 1303 492 non
1328 447 1480 505 incidi,
1507 463 1616 505 quo-

180 530 279 558 rum
314 514 378 557 sic
411 528 500 569 me,
533 515 764 569 tamquam
805 511 895 554 illis
929 511 1137 568 vixerim,
1170 510 1328 568 pudet!
1391 510 1499 555 Non
1538 510 1616 554 du·
1643 522 1659 549 5

180 578 274 620 bito
309 576 517 619 similiter
550 574 682 619 adfici
715 577 770 618 te.
838 572 961 630 Scio,
1002 589 1138 631 quam
1178 573 1238 618 sit
1275 572 1361 617 tibi
1400 588 1532 617 verus
1572 576 1617 617 et

179 640 399 698 ingenuus
434 638 633 682 animus:
666 637 766 680 ideo
800 636 979 680 facilius
1013 638 1098 693 est,
1132 638 1183 680 ut
1216 651 1306 693 me,
1341 650 1615 693 quamquam

179 701 535 760 indignationem
570 699 837 757 quibusdam
871 699 920 742 in
945 699 1056 744 locis
1085 699 1275 742 fortasse
1302 698 1423 742 ultra
1449 697 1614 756 epistu-

177 765 245 808 lae
292 764 476 807 modum
530 762 789 820 extulerim,
840 777 1000 819 parum
1054 761 1250 806 doluisse
1297 776 1432 819 quam
1478 760 1614 804 nimis

179 826 342 871 credas.
408 825 532 870 Vale.
1642 835 1679 862 10

847 884 1000 931 VIL7
985 907 1045 929 ac·
1082 903 1211 932 sud>
1242 918 1269 935 ο
1299 903 1402 937 Μ

555 974 597 1008 C.
623 974 829 1008 PLINIUS
858 974 1046 1008 TACITO
1077 973 1172 1007 SUO
1203 973 1239 1007 S.

130 1071 147 1102 1
270 1057 430 1115 Neque
476 1059 528 1101 ut
574 1057 790 1115 magistro
838 1056 1053 1115 magister
1097 1071 1244 1114 neque
1293 1059 1345 1100 ut
1390 1055 1612 1113 discipulo

99 1149 101 1151 -
176 1120 423 1178 discipulus
458 1120 543 1178 (sic
577 1119 696 1163 enim
730 1117 930 1177 scribis),
956 1119 1033 1164 sed
1065 1122 1117 1163 ut
1150 1118 1371 1177 discipulo
1399 1118 1615 1178 magister

177 1183 302 1243 (nam
334 1186 386 1227 tu
418 1183 651 1242 magister,
685 1197 769 1241 ego
804 1185 980 1240 contra,
1014 1184 1149 1240 atque
1183 1181 1293 1226 adeo
1327 1185 1379 1225 tu
1410 1181 1459 1225 in
1486 1181 1608 1226 scho-
1640 1197 1676 1225 15

175 1247 266 1290 lam
298 1260 503 1303 revocas,
548 1260 632 1304 ego
679 1245 826 1288 adhuc
873 1243 1129 1288 Saturnalia
1181 1243 1394 1301 extendo)
1445 1244 1612 1288 librum

126 1322 146 1354 2
177 1309 351 1353 misisti.
415 1307 539 1353 Num
580 1307 709 1365 potui
747 1307 928 1366 longius
968 1307 1253 1365 hyperbaton
1292 1307 1438 1351 facere
1477 1309 1612 1365 atque

175 1371 263 1416 hoc
295 1372 394 1429 ipso
435 1370 627 1429 probare
669 1386 771 1414 eum
814 1385 910 1414 esse
954 1385 1044 1427 me,
1087 1369 1165 1427 qui
1206 1385 1300 1414 non
1342 1369 1477 1414 modo
1521 1385 1613 1414 ma-

176 1434 315 1493 gister
357 1436 483 1491 tuus,
525 1433 601 1478 sed
645 1448 700 1477 ne
744 1433 992 1490 discipulus
1037 1432 1218 1490 quidem
1263 1432 1447 1477 debeam
1492 1431 1611 1476 dici?

176 1495 360 1541 Sumam
386 1499 539 1540 tamen
564 1510 803 1554 personam
824 1495 1031 1554 magistri
1058 1510 1350 1553 exseramque
1377 1495 1425 1547 in
1443 1494 1611 1539 librum
1638 1511 1675 1538 20

175 1563 303 1603 tuum
336 1559 424 1616 ius,
453 1558 574 1617 quod
602 1558 783 1615 dedisti,
812 1573 864 1602 eo
890 1558 1097 1615 liberius,
1130 1558 1251 1616 quod
1278 1557 1394 1602 nihil
1420 1573 1474 1602 ex
1501 1557 1611 1602 meis

176 1621 355 1666 interim
390 1622 606 1666 missurus
641 1637 740 1665 sum
773 1621 879 1678 tibi,
904 1621 952 1664 in
986 1636 1074 1678 quo
1108 1623 1153 1665 te
1180 1620 1424 1665 ulciscaris.
1483 1619 1610 1665 Vale.

834 1724 950 1765 vm.
1002 1711 1203 1800 5⁶&ss
1234 1718 1488 1772 etlam„

539 1807 581 1841 C.
603 1807 810 1842 PLINIUS
838 1807 1051 1843 ROMANO
1082 1808 1178 1842 SUO
1208 1808 1247 1842 S.

126 1892 144 1923 1
270 1877 493 1922 Vidistine
514 1877 756 1935 aliquando
781 1876 1059 1922 Clitumnum
1088 1877 1292 1922 fontem?
1339 1876 1389 1922 Si
1407 1878 1610 1922 nondum
1637 1892 1672 1920 25

176 1939 240 2000 (et
272 1943 384 1998 puto
417 1941 638 1996 nondum3
703 1940 874 1998 alioqui
899 1955 1126 1985 narrasses
1154 1938 1308 1999 mihi),
1333 1940 1453 1998 vide,
1476 1956 1609 1998 quem

125 2016 146 2048 2
174 2018 258 2062 ego
294 2002 512 2060 (paenitet
545 2001 790 2062 tarditatis)
825 2003 1029 2061 proxime
1062 2002 1167 2047 vidi.
1232 2002 1438 2048 Modicus
1480 2003 1608 2048 collis

174 2065 377 2124 adsurgit
409 2065 594 2123 antiqua
627 2080 839 2123 cupresso
865 2081 1130 2110 nemorosus
1158 2068 1203 2110 et
1230 2081 1409 2124 opacus.
1474 2065 1610 2110 Hunc

173 2128 326 2172 subter
358 2128 451 2171 exit
482 2128 583 2172 fons
617 2131 662 2172 et
695 2129 962 2186 exprimitur
993 2128 1200 2186 pluribus
1240 2129 1383 2186 venis,
1418 2128 1495 2173 sed
1527 2129 1609 2173 im-

173 2190 375 2248 paribus,
398 2190 728 2248 eluctatusque,
749 2207 883 2248 quem
910 2191 1040 2249 facit,
1067 2191 1293 2250 gurgitem
1318 2191 1412 2236 lato
1434 2191 1607 2250 gremio
1635 2205 1672 2233 80

173 2253 364 2311 patescit
397 2267 536 2310 purus
570 2255 614 2296 et
646 2253 835 2311 vitreus,
867 2256 918 2298 ut
950 2269 1186 2298 numerare
1218 2253 1357 2299 iactas
1391 2254 1531 2311 stipes
1565 2257 1608 2298 et

125 2328 146 2360 3
172 2316 421 2360 relucentes
463 2316 659 2359 calculos
700 2316 856 2373 possis.
933 2315 1042 2360 Inde
1083 2332 1178 2360 non
1214 2316 1306 2361 loci
1345 2314 1607 2375 devexitate,

277 2430 298 2463 6
318 2437 431 2463 verus
446 2427 642 2472 Beroald„
658 2427 709 2463 K.
723 2427 782 2471 11,
797 2426 908 2463 vivus
926 2427 1053 2473 Mra,
1070 2427 1123 2464 K.
1135 2428 1169 2464 1.
1249 2430 1292 2463 17
1314 2437 1395 2463 non
1407 2427 1522 2474 potui
1541 2439 1605 2465 ra.

176 2480 223 2513 25
232 2475 473 2513 Clitumnum
482 2477 602 2522 Mra,
612 2477 664 2513 K.
674 2478 708 2522 I,
724 2477 773 2513 M
775 2489 860 2522 err„
872 2476 1061 2513 Clitumni
1073 2477 1125 2513 K.
1135 2478 1188 2514 ΙΙ
1194 2477 1311 2524 (disp.
1320 2477 1371 2514 ΙΙ
1378 2479 1459 2524 16),
1468 2477 1605 2515 Muell.

177 2530 224 2563 30
245 2526 517 2573 eluctatusque
539 2526 638 2562 facit
658 2526 856 2574 gurgitem
878 2526 946 2573 qui
967 2539 1004 2572 a,
1029 2527 1080 2563 K.
1103 2527 1201 2573 disp.
1224 2527 1276 2564 ΙΙ
1294 2529 1352 2572 17,
1378 2527 1497 2565 Merr.
