1630 2678
585 143 943 182 EPISTULARUM
967 142 1021 180 III
1047 146 1080 179 9.
1478 142 1536 186 73

133 258 268 317 ῦιήίς
305 257 562 317 quid‘enim
593 257 704 301 mihi
735 271 836 300 cum
867 259 959 300 tam
989 256 1127 313 longa
1157 253 1399 312 epistula?'
1444 252 1536 297 No-

133 321 218 367 lito
247 331 355 380 ergo
386 319 625 363 identidem
652 333 879 375 quaerere,
912 316 1019 374 quid
1045 315 1212 360 Romae
1245 318 1433 374 geratur.
1475 314 1537 358 Et

133 384 284 428 tamen
313 383 533 426 memento
564 395 656 424 non
687 394 782 423 esse
821 379 1057 436 epistulam
1087 378 1288 435 longam,
1325 391 1437 433 quae
1468 378 1538 419 tot

134 442 244 499 dies,
272 446 344 488 tot
374 442 666 500 cognitiones,
695 443 765 484 tot
797 440 985 496 denique
1015 454 1114 483 reos
1148 452 1388 494 causasque
1421 452 1538 481 com·

85 521 105 549 s
134 505 267 564 plexa
297 504 366 548 sit.
431 501 552 555 Quae
578 502 727 546 omnia
746 501 898 545 videor
923 500 1034 544 mihi
1058 515 1150 544 non
1174 499 1320 543 minus
1345 499 1539 542 breviter
1564 504 1611 537 28

133 580 270 624 ¹quam
311 565 548 623 diligenter
586 566 853 621 persecutus.
913 562 1094 606 Temere
1126 561 1218 604 dixi
1244 559 1539 619 ‘diligenter'z

134 626 365 683 succurrit,
384 626 503 683 quod
528 625 856 683 praeterieram,
881 626 925 667 et
945 623 1121 680 quidem
1141 637 1254 678 sero,
1272 621 1361 678 sed,
1386 637 1540 678 quam-

134 703 271 745 quam
289 690 584 746 praepostere,
607 685 824 729 reddetur.
888 683 1014 728 Facit
1038 684 1124 727 hoc
1142 683 1363 727 Homerus
1390 682 1539 726 multi-

138 764 225 807 que
263 748 384 793 illius
418 748 634 803 exemplo,
672 749 739 790 est
780 746 948 802 alioqui
986 745 1287 802 perdecorum,
1318 760 1344 788 a
1375 759 1445 787 me
1476 746 1540 787 ta-

76 827 115 855 ιο
138 825 243 855 men
270 824 363 854 non
394 809 492 853 ideo
524 809 614 853 fiet.

216 870 258 916 E
287 870 476 916 testibus
508 869 687 927 quidam
719 869 812 912 sive
843 869 994 924 iratus,
1028 867 1147 924 quod
1186 869 1394 910 evocatus
1426 868 1541 909 esset
1566 871 1613 906 29

138 932 323 989 invitus,
346 931 439 976 sive
463 932 729 975 subornatus
756 931 810 974 ab
836 930 986 986 aliquo
1012 944 1201 985 reorum,
1225 931 1276 971 ut
1301 927 1542 971 accusatio-

137 1009 240 1039 nem
270 995 526 1049 exat-maret,
557 991 819 1036 Norbanum
851 990 1141 1047 Licinianum,
1172 991 1369 1048 legatum
1401 991 1446 1032 et
1476 989 1543 1031 in-

139 1054 413 1113 quisitorem,
441 1069 565 1098 reum
597 1053 854 1110 postulavit,
884 1055 1111 1108 tamquam
1143 1052 1191 1095 in
1222 1065 1354 1095 causa
1387 1048 1541 1093 Castae

0 1159 4 1178 ᾗ
77 1132 115 1162 u
139 1115 272 1176 (uxor
300 1115 412 1160 haec
437 1114 640 1172 Classici)
665 1114 1050 1171 praevaricaretur.
1113 1112 1197 1156 Est
1227 1113 1325 1170 lege
1351 1114 1542 1167 cautum,
1568 1116 1615 1151 80

137 1180 192 1223 ut
219 1192 320 1222 reus
353 1179 454 1221 ante
485 1179 740 1234 peragatur,
778 1178 886 1219 tunc
923 1175 977 1218 de
1020 1174 1371 1231 praevaricatore
1413 1187 1542 1229 quae-

135 1241 274 1295 ntur,
303 1238 509 1282 videlicet
542 1237 646 1294 quia
678 1237 844 1294 optime
876 1251 931 1280 ex
969 1236 1248 1280 accusatione
1280 1236 1378 1291 ipsa
1418 1248 1543 1277 accu-

139 1300 300 1345 satoris
330 1299 439 1344 fides
471 1299 739 1343 aestimatur.
802 1297 1015 1341 Norbano
1048 1300 1197 1340 tamen
1227 1311 1317 1339 non
1344 1294 1452 1339 ordo
1483 1295 1543 1338 le-
1568 1301 1613 1335 81

138 1361 233 1420 gis,
273 1375 366 1405 non
414 1361 552 1419 legati
606 1375 788 1414 nomen,
844 1374 936 1403 non
989 1357 1291 1414 inquisitionis
1343 1356 1543 1400 officium

78 1438 116 1467 se
138 1421 359 1480 praesidio
378 1421 486 1478 fuit3
504 1424 629 1465 tanta
648 1420 938 1479 conflagravit
958 1419 1124 1462 invidia
1137 1419 1270 1462 homo
1285 1418 1453 1474 alioqui
1466 1417 1543 1460 fla-

96 1522 99 1525 .
141 1483 328 1543 gitiosus
354 1486 399 1527 et
424 1482 671 1527 Domitiani
695 1481 969 1538 temporibus
996 1496 1101 1523 usus
1128 1483 1178 1523 ut
1203 1479 1333 1523 multi
1359 1479 1543 1523 electus-

136 1559 228 1603 ,que
258 1546 366 1589 tunc
398 1560 424 1588 a
460 1544 690 1602 provincia
734 1543 789 1586 ad
831 1541 1139 1598 inquirendum
1184 1556 1276 1584 non
1316 1543 1544 1597 tamquam

140 1606 284 1651 bonus
316 1608 361 1649 et
392 1605 553 1661 fidelis,
587 1606 662 1649 sed
695 1608 919 1659 tamquam
954 1601 1135 1646 Classici
1166 1602 1382 1645 inimicus.
1435 1600 1544 1644 Erat
1569 1608 1616 1641 32

141 1667 197 1712 ab
228 1666 307 1711 illo
337 1667 570 1726 relegatus.
633 1665 742 1708 Dari
773 1664 858 1708 sibi
890 1664 1005 1707 diem
1037 1663 1092 1707 ad
1125 1662 1330 1707 diluenda
1361 1662 1546 1707 crimina

81 1742 118 1772 ιε
141 1727 396 1786 postulavit.
478 1726 699 1771 Neutrum
740 1725 1011 1782 impetravit,
1061 1727 1240 1769 coactus
1286 1727 1352 1768 est
1393 1724 1544 1767 statim

142 1788 425 1847 respondere3
457 1788 698 1845 respondit,
724 1787 890 1830 malum
915 1801 1187 1844 pravumque
1214 1785 1441 1844 ingenium
1466 1784 1543 1828 ho·

143 1849 275 1895 minis
305 1849 415 1893 facit
446 1852 496 1892 ut
521 1848 730 1904 dubitem,
757 1847 1029 1892 confidenter
1060 1863 1116 1891 an
1137 1849 1401 1902 constanter,
1429 1848 1544 1889 certe

143 1909 431 1969 paratissime.
496 1908 680 1954 Obiecta
724 1911 828 1952 sunt
871 1909 1027 1964 multa,
1070 1924 1181 1966 quae
1226 1908 1366 1965 magis
1412 1921 1545 1963 quam
1571 1913 1618 1946 83

145 1970 461 2030 praevaricatio
505 1973 768 2026 nocuerunt3
819 1970 927 2027 quin
974 1971 1106 2014 etiam
1148 1969 1234 2012 duo
1281 1969 1547 2023 consulares,

84 2048 122 2076 ιο
146 2031 420 2091 Pomponius
452 2031 595 2076 Rufus
633 2034 677 2075 et
714 2031 826 2075 Libo
859 2030 1007 2090 Frugi,
1045 2031 1268 2074 laeserunt
1294 2045 1393 2073 eum
1425 2028 1545 2072 testi-

146 2094 311 2150 monio,
341 2096 567 2150 tamquam
608 2093 724 2150 apud
767 2091 956 2136 iudicem
998 2093 1079 2136 sub
1126 2091 1381 2135 Domitiano
1424 2088 1546 2133 Salvi

145 2154 359 2200 Liberalis
392 2154 719 2198 accusatoribus
758 2154 981 2197 adfuisset.
1046 2152 1291 2196 Damnatus
1330 2154 1374 2194 et
1405 2150 1451 2194 in
1483 2151 1546 2194 in·
1573 2157 1618 2190 84

147 2217 290 2260 sulam
321 2216 540 2274 relegatus
579 2218 655 2259 est.
718 2213 889 2272 Itaque,
929 2229 1029 2258 cum
1069 2213 1243 2258 Castam
1284 2226 1548 2267 accusarem,

146 2277 260 2321 nihil
291 2277 431 2335 magis
474 2276 632 2334 pressi,
673 2290 805 2333 quam
853 2276 971 2333 quod
1020 2278 1248 2319 accusator
1289 2274 1382 2317 eius
1424 2288 1547 2331 prae-

247 2376 293 2409 24
326 2372 428 2409 diem
462 2371 512 2408 ad
545 2370 730 2408 diluenda
762 2370 925 2407 crimina
956 2371 1111 2417 Fpra,
1141 2371 1236 2413 Otto,
1264 2369 1412 2413 Muell„
1443 2368 1544 2404 idem

149 2422 191 2459 et
226 2421 291 2459 edi
323 2432 373 2458 cr.
402 2422 453 2459 M
467 2421 506 2465 V,
541 2420 643 2457 diem
676 2421 716 2456 et
748 2420 812 2457 edi
843 2431 894 2456 cr.
923 2420 987 2464 K„
1020 2419 1123 2455 diem
1156 2418 1218 2454 edi
1244 2429 1295 2454 cr.
1323 2418 1376 2463 D,
1402 2417 1547 2464 Stanyl.

149 2472 197 2507 ²6
221 2469 436 2518 postulavit
461 2470 616 2516 Fpra,
644 2468 745 2514 Otto,
774 2469 921 2514 Muell„
947 2466 1170 2514 postulabat
1197 2467 1246 2503 M
1260 2466 1352 2511 VD,
1380 2466 1430 2503 K.
