1630 2678
0 0 179 83 '‘alst--

0 77 27 107 ,ιῖ
76 91 80 93 ·

0 134 9 250 {t

0 982 34 1009 a

0 2392 20 2432 k

586 169 940 207 EPISTULARUM
966 169 1000 206 11
1026 174 1134 207 4-6.
1501 171 1562 217 35

161 292 295 342 qnam
327 283 540 328 orationis
577 284 787 328 severitas
820 283 985 341 exigat,
1016 283 1169 339 huius,
1199 285 1250 326 ut
1274 283 1338 327 ita
1364 283 1563 340 dixerim,

159 344 389 391 &fictitiam
427 345 624 402 reliquae
665 348 812 402 partes
854 345 1042 388 actionis
1094 359 1274 388 exorare
1326 344 1560 388 debebunt.

161 404 320 452 Adnisi
352 409 469 451 certe
500 421 671 463 sumus,
702 410 753 450 ut
779 406 1022 463 quamlibet
1047 405 1218 450 diversa
1243 421 1404 464 genera
1425 407 1562 450 lecto-
1589 419 1610 453 7

161 482 262 512 rum
305 482 386 525 per
422 468 572 525 plures
610 467 783 512 dicendi
827 468 994 524 species
1032 470 1299 523 teneremus,
1338 482 1409 524 ac,
1447 468 1563 511 sicut

118 547 137 576 ι
161 543 382 586 veremur,
425 544 482 573 ne
526 529 789 585 quibusdam
829 544 932 585 pars
970 529 1119 585 aliqua
1156 529 1397 572 secundum
1435 543 1562 572 suam

161 590 375 647 cuiusque
398 593 602 634 naturam
626 605 718 634 non
743 590 967 647 probetur,
991 590 1055 633 ita
1079 590 1279 633 videmur
1303 604 1435 647 posse
1460 605 1562 634 con-

161 650 310 706 fidere,
340 654 392 695 ut
415 651 747 696 universitatem
773 651 979 695 omnibus
1005 651 1193 695 varietas
1219 651 1317 708 ipsa
1342 666 1562 695 commen-

161 711 248 756 det.
297 711 415 757 Nam
435 716 481 757 et
510 714 558 756 in
587 713 758 757 ratione
790 713 1112 767 conviviorum,
1145 712 1345 768 quamvis
1365 728 1392 756 a
1409 713 1562 770 pleris-
1588 726 1611 760 8

162 788 250 831 que
295 773 407 819 cibis
456 774 623 833 singuli
667 777 981 831 temperemus,
1029 777 1170 817 totam
1218 777 1368 818 tamen
1408 788 1562 819 cenam

102 854 139 881 ιο
160 835 341 880 laudare
366 850 518 880 omnes
543 836 754 892 solemus,
785 850 867 879 nec
892 850 962 892 ea,
994 850 1106 891 quae
1132 836 1386 879 stomachus
1411 838 1564 880 noster

162 899 355 953 recusat,
386 896 587 940 adimunt
617 897 805 955 gratiam
836 897 944 953 illis,
978 896 1138 952 quibus
1171 897 1355 953 capitur.
1412 896 1563 953 Atque
1588 911 1610 943 9

162 956 271 1002 haec
301 972 385 1016 ego
418 958 482 1002 sic
513 958 654 1015 accipi
684 959 808 1014 volo,
838 972 931 1001 non
955 961 1182 1014 tamquam
1209 958 1466 1002 adsecutum
1491 973 1563 1002 me

162 1032 259 1064 ene
297 1018 489 1076 mdam,
530 1019 606 1063 sed
649 1022 876 1076 tamquam
907 1019 1090 1075 adsequi
1125 1019 1437 1076 laboraverim,
1476 1019 1563 1063 for-

162 1081 280 1125 hsse
308 1094 402 1124 non
431 1080 615 1137 frustra,
655 1081 693 1125 si
733 1081 866 1125 modo
898 1083 949 1124 tu
981 1095 1131 1124 curam
1162 1083 1284 1124 tuam
1317 1080 1563 1125 admoveris

100 1157 139 1187 u
160 1140 338 1185 interim
357 1141 469 1198 istis,
494 1157 600 1186 mox
618 1141 685 1198 iis,
706 1156 817 1198 quae
836 1145 1085 1211 sequentur.
1106 1141 1238 1186 Dices
1257 1145 1302 1186 te
1321 1156 1414 1185 non
1431 1156 1562 1199 posse
1588 1155 1630 1188 ιο

162 1202 270 1246 satis
306 1201 543 1272 diligenter
585 1204 630 1248 id
667 1203 828 1259 facere,
871 1203 958 1246 nisi
998 1203 1121 1260 prius
1163 1206 1303 1247 totam
1342 1204 1563 1247 actionem

162 1264 435 1322 cofflioveris.
497 1263 679 1309 Fateor:
720 1265 767 1308 in
810 1265 1059 1322 praesentia
1098 1267 1248 1308 tamen
1286 1267 1330 1308 et
1361 1264 1447 1308 ista
1478 1265 1563 1308 tibi

162 1323 451 1369 familiariora
490 1325 618 1382 fient,
658 1329 703 1370 et
744 1326 959 1383 quaedam
1002 1341 1056 1369 ex
1093 1325 1163 1368 his
1195 1326 1302 1369 talia
1334 1327 1480 1382 erunt,
1511 1329 1564 1370 ut

161 1399 243 1443 per
277 1388 424 1443 partes
463 1360 684 1431 emendari
716 1388 900 1444 possint.
942 1386 1142 1442 Etenim,
1172 1387 1211 1430 si
1242 1387 1445 1430 avulsum
1476 1389 1562 1431 sta-
1589 1399 1630 1434 11

99 1463 137 1492 no
161 1449 264 1491 tune
303 1450 437 1505 caput
468 1451 545 1492 aut
582 1447 827 1492 membrum
866 1448 1046 1505 aliquod
1083 1447 1342 1504 inspiceres,
1380 1462 1472 1492 non
1511 1451 1563 1492 tu

160 1507 340 1565 quidem
385 1524 440 1552 ex
476 1509 555 1553 illo
593 1524 746 1567 posses
786 1509 1121 1568 congruentiam
1160 1509 1560 1566 aequalitatemque

160 1568 446 1627 deprendere,
483 1585 635 1627 posses
673 1574 821 1614 tamen
859 1571 1071 1626 iudicare,
1108 1585 1165 1613 an
1196 1570 1242 1613 id
1272 1570 1420 1627 ipsum
1453 1571 1559 1614 satis

159 1630 338 1689 elegans
369 1635 501 1688 esset3
532 1647 614 1676 nec
645 1633 732 1675 alia
764 1647 818 1675 ex
843 1646 974 1675 causa
1004 1631 1324 1688 principiorum
1349 1631 1454 1675 libri
1479 1632 1560 1676 cir·
1588 1645 1630 1678 12

160 1691 483 1761 eumferuntur‚
514 1708 646 1750 quam
680 1693 785 1749 quia
810 1693 1087 1736 existimatur
1117 1707 1219 1749 pars
1246 1693 1395 1750 aliqua
1426 1694 1559 1736 etiam

96 1768 134 1796 ω
158 1752 254 1796 sine
285 1753 440 1797 ceteris
473 1769 567 1798 esse
598 1754 804 1811 perfecta

258 1813 455 1872 Longius
491 1830 561 1858 me
602 1815 806 1871 provexit
843 1814 1028 1859 dulcedo
1071 1815 1285 1871 quaedam
1317 1818 1464 1859 tecum
1495 1816 1630 1861 lo·18

159 1873 341 1931 quendi3
372 1875 485 1918 sed
473 1890 561 1919 iam
587 1875 720 1919 finem
746 1875 924 1932 faciam,
955 1891 1011 1919 ne
1037 1876 1237 1932 modum,
1269 1890 1400 1932 quem
1426 1877 1559 1921 etiam

159 1935 350 1978 orationi
382 1935 678 1980 adhibendum
710 1940 839 1994 puto,
871 1937 917 1980 in
949 1938 1142 1994 epistula
1173 1910 1392 1981 ex'cedam
1435 1937 1559 1981 Vale.

820 2062 890 2102 VI.

96 2146 134 2174 ω
547 2136 589 2170 C.
610 2137 810 2171 PLINIUS
837 2138 991 2171 AVITO
1020 2138 1115 2172 SUO
1142 2138 1179 2172 S.

255 2203 458 2263 Longum
486 2208 553 2248 est
577 2205 709 2249 altius
736 2209 952 2264 repetere,
983 2221 1065 2250 nec
1090 2206 1243 2262 refert,
1276 2205 1557 2262 quemadmo·
1586 2219 1604 2251 ι

155 2264 261 2310 ἀιιιιι
302 2265 527 2314 acciderit„
575 2269 626 2309 ut
664 2266 798 2311 homo
843 2267 1024 2311 minime
1074 2267 1303 2310 familiaris
1355 2280 1555 2311 cenarem

154 2326 271 2385 apud
314 2327 551 2383 quendam,
589 2331 640 2371 ut
677 2328 761 2371 sibi
799 2329 1048 2384 videbatur,
1085 2329 1254 2371 lautum
1297 2331 1341 2371 et
1372 2327 1556 2386 diligen-

254 2450 300 2483 16
332 2449 541 2493 sequentur
573 2448 700 2495 Fps,
737 2448 840 2494 Otto,
871 2451 1052 2485 secuntur
1084 2448 1181 2495 vulq.
1283 2451 1329 2483 28
1362 2448 1556 2495 principia

153 2493 338 2533 librorum
364 2504 398 2533 s.

1286 2570 1333 2606 3·
