1604 2652
333 484 383 534 C.
415 484 596 534 PLINI
635 482 891 532 CAECILI
931 482 1215 532 SECUNDI

283 603 1269 673 EPISTULARUM

551 747 999 794 LIBERPRIMUS.

759 949 790 988 Ι.

0 1002 50 1060 ’Β
418 1022 462 1058 C.
482 1023 683 1057 PLINIUS
711 1022 940 1056 SEPTICIO
968 1022 1063 1056 SUO
1091 1022 1130 1055 S.

172 1090 442 1149 Frequenter
478 1090 680 1135 hortatus
719 1106 782 1146 es,
827 1093 878 1134 ut
915 1089 1145 1147 epistulas,
1191 1104 1298 1146 quas
1337 1091 1469 1148 paulo
1498 1095 1516 1128 1

74 1153 268 1198 curatius
293 1152 578 1210 scripsissem,
604 1151 857 1210 colligerem
883 1151 1252 1208 publicaremque.
1302 1150 1470 1209 Collegi

74 1228 166 1259 non
207 1217 380 1259 servato
424 1213 636 1270 temporis
681 1213 832 1257 ordine
877 1211 1038 1270 (neque
1082 1212 1200 1256 enim
1241 1212 1470 1256 historiam

75 1272 432 1333 componebam),
489 1274 565 1318 sed
621 1277 671 1318 ut
728 1288 926 1331 quaeque
977 1273 1023 1316 in
1074 1288 1229 1316 manus
1280 1276 1470 1317 venerat.

15 1349 52 1378 ιο
75 1335 295 1394 Superest,
326 1338 378 1380 ut
406 1349 488 1380 nec
518 1338 562 1379 te
593 1335 767 1380 consilii
798 1350 880 1379 nec
912 1350 981 1378 me
1011 1335 1232 1391 paeniteat
1258 1334 1469 1391 obsequii.
1496 1340 1518 1373 2

12 1420 13 1423 ¹
74 1394 144 1442 Ita
174 1396 291 1441 enim
322 1396 416 1452 fiet,
448 1398 500 1440 ut
530 1411 621 1452 eas,
659 1411 771 1453 quae
796 1395 939 1439 adhuc
965 1395 1189 1452 neglectae
1215 1395 1376 1450 iacent,
1406 1411 1470 1439 re-

18 1491 22 1493 -
75 1458 247 1516 quiram
278 1460 340 1514 et,
372 1458 409 1501 si
442 1472 550 1514 quas
582 1457 807 1513 addidero,
839 1472 930 1500 non
962 1455 1247 1513 supprimam.
1297 1455 1420 1500 Vale.

746 1570 798 1609 Π.

417 1645 459 1679 C.
480 1645 680 1678 PLINIUS
708 1644 927 1677 ARRIANO
955 1644 1049 1678 SUO
1077 1645 1115 1677 S.

13 1725 51 1756 u
172 1712 286 1767 Quia
321 1713 558 1757 tardiorem
591 1712 826 1755 adventum
859 1714 984 1755 tuum
1015 1711 1258 1769 prospicio,
1295 1712 1470 1765 librum,
1499 1724 1515 1755 1

75 1788 206 1831 quem
243 1774 463 1832 prioribus
501 1773 702 1830 epistulis
734 1772 1038 1830 promiseram,
1077 1773 1275 1816 exhibeo.
1339 1772 1470 1816 Hunc

74 1849 185 1893 rogo
210 1849 266 1879 ex
290 1833 608 1879 consuetudine
633 1836 710 1877 tua
734 1836 780 1877 et
797 1834 917 1892 legas
937 1837 982 1877 et
1001 1834 1218 1890 emendes,
1243 1848 1295 1878 eo
1317 1835 1470 1892 magis,

76 1894 195 1952 quod
223 1894 336 1939 nihil
364 1898 466 1939 ante
492 1908 707 1952 peraeque
732 1894 885 1939 eodem
912 1896 1026 1954 ζήλῳ
1053 1895 1280 1951 scripsisse
1307 1894 1468 1938 videor.

75 1954 306 2013 Temptavi
356 1955 473 1999 enim
524 1955 686 1999 imitari
731 1955 1058 2000 Demosthenen
1109 1970 1281 2012 semper
1331 1959 1471 2011 tuum,
1495 1967 1517 1999 2

13 2029 52 2059 n
76 2015 259 2061 Calvum
291 2031 435 2073 nuper
468 2031 627 2072 meum,
657 2015 885 2060 dumtaxat
916 2017 1070 2075 figuris
1103 2016 1333 2072 orationis3
1369 2032 1468 2060 nam

76 2077 164 2123 vim
189 2080 413 2121 tantorum
434 2077 627 2120 virorum
654 2076 843 2135 ‘pauci‚
869 2092 996 2134 quos
1023 2093 1218 2134 aequus
1245 2077 1469 2132 amavit’,

173 2201 195 2234 6
215 2196 331 2244 paulo
346 2197 515 2233 curatius
526 2197 580 2242 D,
595 2197 658 2241 K„
668 2197 814 2244 Stanyl,
827 2198 875 2242 cf.
888 2197 967 2234 VII
976 2202 1010 2241 9,
1024 2200 1048 2235 8
1056 2211 1069 2242 ;
1083 2198 1148 2234 IX
1161 2201 1219 2242 13,
1237 2201 1293 2242 10,
1308 2210 1343 2244 p.
1357 2208 1469 2234 accu-

75 2245 198 2283 ratius
208 2245 247 2284 R
257 2245 331 2293 Fp
340 2257 373 2291 r,
389 2247 485 2290 Otto,
497 2246 629 2290 Meron,
638 2246 768 2292 siquas
780 2258 815 2293 p.
829 2256 920 2283 eura
934 2246 1003 2292 (vel
1017 2248 1162 2289 curam)
1175 2246 1319 2283 maiore
1333 2247 1383 2283 M
1397 2246 1470 2290 γε,

0 2323 1 2326 ¹
75 2294 211 2332 Μυκη.
287 2297 332 2331 18
352 2295 442 2331 ante
464 2294 637 2340 RFDp
650 2306 688 2340 a,
703 2295 752 2331 K.
767 2297 796 2339 1,
819 2296 914 2339 Otto,
928 2306 1109 2341 umquam
1126 2296 1176 2332 M
1193 2295 1265 2339 Vs,
1288 2295 1407 2331 K.11.
1424 2316 1468 2322 -

74 2342 170 2428 ζῖίῦῑῖ»
186 2354 224 2387 α,
244 2343 295 2380 K.
307 2343 366 2388 11,
385 2344 495 2380 Iwan
510 2343 665 2387 Mulier,
688 2344 783 2388 Otto,
800 2344 928 2387 Mem,
948 2342 1028 2380 zelo
1046 2344 1133 2390 Dp,
1151 2343 1239 2380 stilo
1256 2343 1350 2387 RF,
1373 2343 1422 2380 K.
1437 2344 1470 2387 1,

75 2402 94 2427 s
114 2391 123 2400 ⁰
157 2403 180 2429 ο
215 2390 317 2436 V'r,
350 2389 449 2428 libro
477 2392 534 2428 M.
635 2395 678 2428 21
707 2393 856 2428 tantam
884 2391 1084 2428 verborum
1112 2393 1161 2428 M
1180 2393 1251 2430 Vs.
1283 2412 1327 2419 —
1364 2392 1467 2439 Verq.

75 2441 169 2477 Aen.
193 2440 251 2478 VI
268 2442 360 2485 129;
380 2441 524 2477 amavit
542 2452 610 2477 om.
634 2441 670 2478 R
686 2440 726 2477 F
734 2441 773 2478 1)
787 2453 807 2478 r
821 2453 856 2484 a,
880 2441 996 2478 Merr.
1012 2441 1130 2478 Closs.
1148 2442 1238 2478 Rev.
1262 2441 1392 2478 XVII
1409 2444 1468 2477 52.

149 2514 290 2541 Peisius
308 2512 427 2541 lusos
446 2517 501 2541 sn.
517 2514 678 2541 Κυκυω.
1232 2517 1248 2549 1
