1716 2742
319 522 370 573 C.
404 522 588 572 PLINI
629 523 890 575 CAECILI
932 523 1221 574 SECUNDI

389 661 664 728 PANE
683 660 895 729 GYR
908 661 945 728 I
961 662 1010 729 O
1022 661 1142 730 US

140 817 507 875 TRAIANO
543 817 1050 876 IMPERATORI
1083 818 1392 877 DIOTUS.

144 1062 268 1106 Bene
301 1076 354 1106 ac
387 1061 629 1120 sapienter,
663 1065 813 1120 patres
842 1063 1107 1122 conscripti,
1142 1064 1331 1108 maiores
1359 1065 1486 1109 insti·
1514 1062 1541 1111 1

4 1138 25 1167 5
50 1127 236 1170 tuerunt
260 1127 313 1169 ut
337 1139 487 1168 rerum
521 1125 795 1184 agendarum
828 1126 892 1170 ita
918 1126 1094 1171 dicendi
1121 1127 1301 1171 initium
1330 1144 1356 1172 a
1385 1143 1482 1186 pre-

49 1187 302 1234 cationibus
343 1202 520 1245 capere,
567 1188 686 1245 quod
727 1188 843 1233 nihil
886 1190 989 1247 rite,
1035 1189 1151 1234 nihil
1193 1190 1482 1248 providenter

47 1251 254 1296 homines
274 1249 382 1294 sine.
398 1249 584 1294 deorum
612 1250 921 1296 inmortalium
943 1268 1046 1311 ope,
1074 1253 1282 1311 consilio,
1310 1253 1482 1298 honore

48 1313 401 1372 auspicarentur.
467 1311 555 1366 Qui
595 1329 691 1358 mos
733 1315 806 1359 cui
838 1316 990 1373 potius
1026 1332 1160 1374 quam
1195 1317 1369 1361 consuli
1404 1319 1482 1361 aut
1509 1329 1531 1361 2

49 1377 230 1448 quand-o
263 1376 407 1436 magis
441 1377 724 1434 usurpandus
753 1378 1057 1436 colendusque
1091 1382 1177 1437 est,
1210 1395 1345 1437 quam
1379 1395 1482 1424 cum

0 1452 24 1480 ο
48 1439 238 1498 imperio
278 1441 480 1496 senatuS,
522 1441 789 1484 auctoritate
831 1442 896 1485 rei
938 1441 1145 1498 publicae
1188 1443 1244 1486 ad
1287 1443 1482 1502 agendas

49 1503 224 1562 optimo
257 1501 453 1561 principi
493 1503 661 1562 gratias
695 1504 973 1549 excitamur?
1039 1504 1170 1558 Quod
1203 1505 1322 1550 enim
1355 1521 1482 1563 prae·
1509 1519 1531 1549 3

49 1565 256 1611 stabilius
283 1567 351 1610 est
384 1566 463 1609 aut
489 1565 722 1623 pulchrius
750 1582 914 1611 munus
949 1567 1134 1611 deorum
1164 1584 1298 1626 quam
1332 1573 1481 1613 castus

48 1631 94 1673 et
125 1630 307 1674 sanctus
341 1630 386 1672 et
419 1627 486 1672 dis
527 1628 782 1674 simillimus
822 1630 1066 1688 princeps?
1128 1629 1215 1686 Ac,
1256 1632 1295 1676 si
1334 1631 1481 1676 adhuc
1509 1643 1532 1676 4

50 1691 238 1736 dubium
270 1690 449 1748 fuisset,
481 1691 599 1736 forte
633 1706 828 1750 casuque
859 1696 1056 1738 rectores
1083 1694 1214 1739 terris
1242 1710 1300 1738 an
1328 1694 1481 1752 aliquo

0 1768 22 1796 z
47 1755 231 1800 numine
277 1753 508 1811 darentur,
552 1755 803 1813 principem
846 1758 996 1801 tamen
1040 1759 1246 1801 nostrum
1289 1757 1483 1815 liqueret

49 1817 267 1862 divinitus
301 1817 610 1862 constitutum.
657 1817 764 1863 Non
798 1819 917 1863 enim
951 1820 1129 1864 occulta
1160 1823 1385 1878 potestate
1418 1821 1481 1865 fa·
1508 1832 1531 1866 5

47 1883 218 1938 torum,
250 1879 327 1924 sed
361 1879 417 1924 ab
451 1879 558 1925 Iove
591 1881 690 1939 ipso
725 1897 876 1926 coram
910 1897 962 1927 ac
994 1883 1144 1941 palam
1170 1885 1374 1941 repertus
1401 1886 1482 1941 est,

48 1944 217 1988 electus
263 1943 431 2001 quippe
477 1942 595 1988 inter
640 1960 737 1988 aras
792 1947 836 1988 et
882 1946 1040 1989 altaria
1085 1945 1333 2004 eodemque
1377 1947 1480 2002 loci,

50 2021 184 2065 quem
217 2005 326 2050 deus
359 2006 436 2050 ille
468 2008 561 2050 tam
596 2007 858 2052 manifestus
893 2023 945 2052 ac
970 2023 1181 2066 praesens
1216 2025 1352 2067 quam
1386 2024 1481 2054 cae-

0 2082 23 2110 11
47 2070 144 2114 111111
177 2083 229 2113 ac
261 2068 407 2113 sidera
439 2069 614 2115 insedit.
681 2069 779 2123 Quo
814 2071 957 2130 magis
984 2075 1139 2129 aptum
1168 2072 1385 2130 piumque
1412 2075 1482 2117 est
1508 2084 1530 2118 6

48 2135 112 2190 te,
157 2130 363 2190 Iuppiter
405 2133 589 2190 optime,
634 2135 764 2178 antea
803 2133 1103 2192 conditorem,
1144 2150 1267 2180 nunc
1304 2150 1480 2180 conser-

47 2198 250 2240 vatorem
275 2193 455 2252 imperii
481 2195 645 2253 nostri,
671 2197 865 2255 precari,
898 2199 949 2241 ut
975 2197 1089 2241 mihi
1117 2197 1254 2257 digna
1280 2199 1479 2256 consule,

48 2258 186 2317 digna
218 2259 397 2315 senatu,
442 2257 580 2316 digna
618 2259 822 2318 principe
861 2260 1096 2319 contingat
1130 2260 1296 2319 oratio,
1339 2264 1480 2320 utque

48 2320 276 2378 omnibus,
315 2335 430 2377 quae
469 2320 675 2365 dicentur
707 2338 732 2365 a
771 2337 862 2380 me,
896 2323 1100 2381 libertas,
1141 2324 1276 2382 fides,
1314 2324 1479 2369 veritas

149 2461 171 2494 6
199 2460 385 2506 caperent
411 2471 454 2495 w
592 2462 636 2494 17
666 2460 844 2506 repertus
871 2460 1020 2498 electus
1048 2461 1107 2499 est
1134 2462 1282 2510 quippe
1310 2462 1348 2500 B
1357 2459 1424 2501 Μ
1433 2463 1478 2501 0

49 2511 95 2544 21
121 2513 212 2555 post
236 2509 409 2613 optimen
412 2510 502 2546 adel.
523 2508 693 2546 maxime
719 2518 753 2546 ς.

121 2585 267 2614 Pmmus
285 2586 384 2613 Mmo
425 2591 483 2615 E.D
501 2586 659 2616 KUKULA
1154 2592 1199 2625 21
