1716 2742
42 548 61 576 5

23 860 60 887 10

21 1179 57 1206 15

554 119 919 157 EPISTULARUM
945 123 1055 158 5-8.
1428 122 1519 167 269

633 237 750 278 vm.
786 235 975 290 [XXIV]

360 327 403 361 C.
424 327 631 362 PLINIUS
659 327 884 361 TRAIANO
912 327 1246 361 IMPERATORI.

181 408 296 454 Cum
322 409 452 454 divus
479 412 609 467 pater
634 412 759 463 tuus,
786 408 986 466 domine,
1013 412 1058 453 et
1085 410 1288 454 oratione
1315 409 1520 467 pulcher-

86 472 202 518 rima
232 475 279 517 et
308 471 629 516 honestissimo
663 472 869 529 exemplo
904 484 1059 516 omnes
1093 472 1210 516 cives
1251 472 1307 516 ad
1343 472 1520 516 munifi-

86 535 281 580 centiam
314 538 432 580 esset
464 535 748 591 cohortatus,
779 534 891 592 petii
924 534 979 578 ab
1013 549 1085 591 eo,
1118 537 1169 578 ut
1202 537 1373 579 statuas
1399 535 1521 606 prin-

85 598 258 656 cipum,
285 613 396 656 quas
422 598 471 642 in
494 597 758 657 longinquis
784 597 905 656 agris
930 612 1012 654 per
1030 570 1182 654 psures
1216 598 1520 643 successiones

84 661 274 706 traditas
308 660 440 718 mihi,
474 660 627 717 quales
661 674 938 717 acceperam,
978 659 1300 717 custodiebam,
1338 661 1521 718 permit-

84 725 200 768 teret
224 723 273 768 in
298 723 595 780 municipium
622 722 865 767 transferre
892 722 1066 766 adiecta
1091 738 1173 766 sua
1193 725 1352 767 statua.
1390 722 1521 776 Quod

86 785 269 844 quidem
295 787 373 830 ille
399 785 512 829 mihi
539 801 642 830 cum
675 785 938 843 plenissimo
965 784 1226 829 testimonio
1255 786 1520 843 indulserat3

85 864 171 908 ego
223 848 378 893 statim
424 848 739 893 decurionibus
792 848 1077 905 scripseram,
1130 851 1181 891 ut
1232 848 1521 907 adsignarent

85 912 252 969 solum,
285 912 334 956 in
367 927 457 969 quo
499 912 721 969 templum
764 911 956 969 pecunia
997 926 1097 954 mea
1139 913 1409 968 extruerem3
1452 911 1520 954 illi

85 974 133 1018 in
163 973 383 1019 honorem
417 974 564 1031 operis
597 974 739 1031 ipsius
773 972 1038 1018 electionem
1070 974 1160 1018 loci
1201 973 1312 1017 mihi
1347 973 1520 1018 obtule-

83 1039 198 1081 rant.
264 1035 352 1081 Sed
384 1036 582 1095 primum
614 1051 732 1093 mea,
765 1035 923 1081 deinde
963 1036 1104 1094 patris
1143 1036 1212 1080 tui
1251 1036 1519 1093 valetudine,

83 1102 243 1158 postea
274 1099 393 1144 curis
427 1099 622 1158 delegati
655 1115 681 1143 a
713 1099 841 1143 vobis
875 1098 1016 1143 officii
1048 1102 1249 1143 retentus
1257 1133 1270 1156 ,
1301 1114 1423 1143 nunc
1455 1099 1519 1142 vi-

84 1161 193 1206 deor
218 1162 581 1207 commodissime
607 1177 740 1220 posse
766 1162 815 1205 in
840 1178 935 1206 rem
963 1164 1244 1220 praesentem
1273 1177 1517 1206 excurrere.

82 1223 203 1269 Nam
262 1228 307 1269 et
365 1227 644 1269 menstruum
702 1240 852 1268 meum
910 1224 1113 1269 kalendis
1177 1223 1518 1282 Septembribus

0 1279 25 1298 '⁴
82 1287 257 1346 finitur,
316 1290 362 1332 et
420 1303 608 1345 sequens
662 1288 828 1332 mensis
881 1288 1135 1345 complures
1188 1287 1281 1331 dies
1334 1287 1518 1331 feriatos

81 1350 228 1395 habet.
294 1349 426 1409 Rogo
469 1365 576 1409 ergo
617 1353 720 1394 ante
767 1350 918 1394 omnia
963 1350 1199 1407 permittas
1240 1350 1351 1393 mihi
1392 1365 1518 1407 opuS,

83 1413 205 1470 quod
236 1412 531 1458 inchoaturus
565 1427 684 1470 sum,
718 1428 933 1457 exornare
967 1416 1010 1456 et
1042 1415 1122 1456 tua
1155 1415 1317 1469 statua,
1346 1411 1519 1469 deinde,

81 1479 134 1520 ut
177 1475 266 1520 hoc
316 1475 463 1521 facere
514 1490 648 1533 quam
695 1476 996 1520 maturissime
1045 1476 1236 1532 possim,
1283 1475 1518 1534 indulgeas

82 1541 394 1583 commeatum.
427 1537 536 1583 Non
556 1541 624 1583 est
650 1541 800 1582 autem
829 1538 1132 1596 simplicitatis
1160 1554 1284 1581 meae
1312 1537 1518 1582 dissimu-

79 1602 180 1649 lare.
219 1601 340 1659 apud
386 1601 636 1646 bonitatem
681 1604 806 1645 tuam
853 1601 997 1644 obiter
1041 1603 1086 1644 te
1132 1601 1379 1658 plurimum
1429 1602 1517 1645 col-

78 1664 278 1710 laturum
304 1663 578 1708 utilitatibus
604 1664 669 1708 rei
695 1663 930 1707 familiaris
958 1679 1093 1707 meae.
1135 1662 1363 1722 Agrorum
1386 1663 1518 1720 enim,

82 1741 195 1784 quos
228 1727 276 1770 in
309 1727 463 1771 eadem
497 1727 681 1785 regione
714 1726 942 1784 possideo,
982 1726 1170 1783 locatio,
1210 1741 1312 1770 cum
1347 1726 1517 1783 alioqui

86 1787 228 1833 CCCC
262 1790 468 1846 excedat,
500 1790 610 1833 adeo
643 1805 738 1833 non
769 1791 920 1846 potest
953 1788 1139 1845 differri,
1178 1791 1230 1832 ut
1262 1789 1518 1847 proximam

80 1851 363 1909 putationem
408 1867 553 1896 novus
600 1852 787 1896 colonus
832 1851 977 1895 facere
1027 1851 1196 1895 debeat.
1282 1851 1518 1895 Praeterea

80 1914 322 1959 continuae
355 1915 613 1959 sterilitates
652 1917 822 1973 cogunt
862 1930 933 1958 me
973 1914 1027 1958 de
1066 1914 1406 1958 remissionibus
1446 1929 1517 1958 co-

0 2006 6 2010 ν
79 1977 242 2036 gitare3
277 1991 468 2034 quarum
500 1977 723 2021 rationem
755 1977 844 2021 nisi
875 1991 1085 2034 praesens
1127 1977 1240 2020 inire
1281 1992 1374 2020 non
1415 1992 1516 2034 pos-

79 2055 191 2085 sum.
251 2039 435 2084 Debebo
463 2055 592 2099 ergo,
617 2039 817 2096 domine,
843 2039 1149 2098 indulgentiae
1175 2043 1279 2084 tuae
1307 2043 1352 2083 et
1377 2040 1515 2097 pieta·

80 2102 140 2147 tis
179 2117 304 2147 meae
344 2102 619 2147 celeritatem
660 2105 705 2146 et
747 2105 891 2146 status
932 2102 1279 2159 ordinationem,
1324 2103 1362 2146 si
1405 2102 1516 2146 mihi

80 2165 138 2210 ob
170 2166 361 2222 utraque
393 2166 505 2209 haec
545 2165 717 2209 dederis
758 2167 1058 2210 commeatum
1099 2165 1287 2223 triginta
1330 2165 1514 2208 dierum.

78 2226 240 2286 Neque
272 2228 392 2272 enim
426 2227 661 2287 angustius
694 2231 874 2285 tempus
907 2227 1146 2285 praefinire
1178 2242 1379 2285 possum,
1413 2242 1515 2271 cum

79 2293 125 2334 et
162 2290 462 2348 municipium
502 2293 547 2334 et
585 2290 702 2349 agri,
742 2290 796 2335 de
838 2290 1001 2347 quibus
1043 2292 1224 2346 loquor,
1266 2290 1357 2333 sint
1395 2290 1515 2334 ultra

5 2399 10 2404 ,
79 2354 375 2398 centesimum
409 2357 454 2397 et
487 2352 911 2412 quinquagesimum
943 2353 1152 2411 lapidem.

180 2454 203 2488 8
223 2451 331 2498 quod
345 2451 505 2498 quidem
522 2451 575 2488 K.
587 2452 622 2495 I,
638 2451 780 2497 Hard„
801 2450 985 2498 quodque
1007 2452 1044 2487 B
1056 2463 1099 2495 α,
1122 2450 1227 2497 quod
1242 2462 1330 2486 cum
1349 2450 1513 2493 Gruter„

80 2500 185 2548 quod
212 2501 267 2538 K.
281 2502 342 2547 II,
370 2502 521 2547 Muell„
550 2502 672 2540 Merr.

1546 735 1568 767 2

1546 1363 1568 1395 4

1545 1550 1566 1583 5
