1716 2742
164 1141 182 1173 -ἒΙ

212 142 304 187 230
824 138 863 176 C.
891 139 1028 175 PLINI

213 254 372 299 melior
403 254 567 310 factus,
601 256 645 297 et
671 256 767 298 erat
793 254 938 298 factus
966 255 1038 297 vel
1064 269 1136 311 eo,
1171 255 1292 311 quod
1318 255 1539 313 audierat,
1572 255 1645 300 vel

213 317 334 374 quod
377 316 560 360 omnino
605 316 866 373 quaesierat.
943 315 1073 368 Quod
1115 317 1191 361 ille
1235 316 1502 376 obsequium
1546 316 1644 362 Ser—

211 380 363 436 viano,
398 378 682 422 exactissimo
715 379 834 436 viro,
873 379 1121 436 praestitit!
1165 395 1299 437 quem
1331 381 1532 439 legatum
1564 381 1645 424 trie-

212 442 358 485 bunus
402 442 465 484 ita
507 443 552 484 et
593 441 817 485 intellexit
859 444 904 485 et
946 442 1085 499 cepit,
1127 444 1180 485 ut
1222 457 1276 486 ex
1316 441 1554 487 Germania
1596 443 1645 487 in

212 503 491 547 Pannoniam
535 505 843 548 transeuntem
898 519 991 548 non
1043 507 1094 547 ut
1146 505 1417 563 commilito,
1471 505 1547 549 sed
1593 508 1644 550 ut

212 581 359 610 comes
403 566 744 624 adsectatorque
791 569 1062 624 sequeretur.
1128 565 1227 620 Qua
1271 567 1513 625 industria,
1555 583 1645 626 qua

211 628 431 672 modestia
474 631 685 686 quaestor
727 629 986 674 consulibus
1030 630 1123 673 suis
1167 627 1232 689 (et
1271 630 1422 688 plures
1464 629 1644 689 habuit)

211 706 303 735 non
335 691 484 734 minus
518 691 740 736 iucundus
781 694 825 736 et
859 694 1014 751 gratus
1049 708 1185 750 quam
1225 693 1351 738 utilis
1385 692 1490 737 fuit!
1544 692 1644 746 Quo

211 753 433 810 discursu,
478 769 566 810 qua
605 754 843 813 vigilantia
884 755 1002 799 hanc
1047 755 1192 812 ipsam
1236 755 1528 813 aedilitatem,
1572 755 1645 800 cui

210 819 471 874 praereptus
499 819 585 874 est,
617 817 766 874 petiit!
801 817 921 875 quod
947 818 1020 862 vel
1047 818 1242 862 maxime
1270 818 1472 862 dolorem
1493 834 1643 862 meum

212 879 452 923 exulcerat.
506 878 814 924 Obversantur
835 880 977 924 oculis
1000 880 1114 925 cassi
1133 880 1310 924 labores
1333 883 1377 925 et
1396 880 1645 926 infructuo-

212 956 285 985 sae
338 956 491 999 preces
545 945 588 986 et
639 942 806 1000 honor,
866 958 997 1000 quem
1057 943 1223 987 meruit
1274 946 1472 1014 tantum3
1529 943 1646 988 redit

211 1004 361 1048 animo
407 1004 483 1048 ille
525 1005 644 1049 latus
691 1006 843 1050 clavus
890 1006 937 1049 in
983 1005 1220 1063 penatibus
1267 1006 1378 1051 meis
1425 1008 1645 1064 sumptus,

211 1066 399 1110 redeunt
441 1067 521 1110 illa
559 1067 724 1125 prima,
768 1068 847 1112 illa
889 1071 1117 1126 postrema
1160 1068 1375 1128 suffragia
1416 1084 1535 1126 mea,
1577 1069 1646 1113 illi

212 1129 458 1200 sermones,
512 1129 615 1174 illae
662 1131 1026 1176 consultationes.
1093 1129 1297 1176 Adficior
1342 1131 1647 1176 adulescentia

211 1192 374 1250 ipsius,
406 1191 593 1236 adficior
618 1193 1001 1238 necessitudinum
1035 1208 1152 1237 casu.
1218 1193 1330 1238 Erat
1361 1194 1429 1238 illi
1463 1194 1645 1254 grandis

211 1257 322 1298 natu
349 1270 541 1315 parem,
585 1260 680 1299 erat
718 1271 851 1313 uxor,
895 1271 1030 1314 quam
1071 1259 1174 1300 ante
1214 1272 1382 1300 annum
1424 1256 1646 1316 virginem

213 1320 464 1375 acceperat,
497 1320 592 1362 erat
625 1318 738 1375 filia„
772 1334 907 1376 quam
941 1319 1077 1376 paulo
1113 1322 1215 1363 ante
1250 1320 1504 1364 sustulerat.
1557 1318 1646 1364 Tot

212 1395 333 1438 speS,
365 1382 435 1424 tot
462 1381 626 1439 gaudia
658 1381 751 1426 dies
785 1397 901 1426 unus
935 1382 982 1425 in
1015 1382 1190 1426 diversa
1216 1382 1450 1426 convertit.
1510 1381 1645 1426 Modo

212 1442 472 1501 designatus
494 1443 668 1500 aedilis,
694 1459 849 1488 recens
871 1445 1080 1501 maritus,
1104 1460 1257 1489 recens
1278 1447 1406 1502 pater
1425 1444 1646 1489 intactum

211 1505 448 1563 honorem,
489 1506 645 1550 orbam
679 1509 885 1564 matrem,
928 1507 1110 1551 viduam
1144 1522 1352 1565 uxorem,
1390 1507 1532 1551 filiam
1565 1523 1646 1566 pu-

212 1568 392 1625 pillam,
424 1568 627 1627 ignaram
663 1570 754 1613 cari
787 1570 928 1627 patris
961 1570 1155 1627 reliquit.
1222 1569 1410 1614 Accedit
1447 1570 1646 1614 lacrimis

213 1630 343 1686 meis,
377 1631 497 1688 quod
531 1631 690 1676 absens
725 1634 770 1676 et
795 1632 1095 1691 impendentis
1129 1633 1238 1677 mali
1270 1632 1446 1677 nescius
1480 1631 1648 1690 pariter

214 1708 417 1751 aegrum,
449 1694 618 1751 pariter
651 1695 892 1740 decessisse
926 1695 1139 1754 cognovi,
1179 1711 1234 1739 ne
1269 1695 1536 1754 gravissimo
1571 1695 1647 1739 do-

213 1755 299 1799 lori
338 1755 499 1800 timore
542 1771 890 1802 consuescerem.
956 1756 1010 1801 In
1051 1758 1190 1802 tantis
1233 1757 1469 1802 tormentis
1513 1773 1648 1815 eram,

214 1833 317 1862 cum
351 1818 591 1862 scriberem
624 1819 754 1877 haec,
788 1820 1027 1865 scriberem
1061 1821 1175 1878 sola3
1207 1835 1353 1878 neque
1381 1821 1500 1864 enim
1526 1835 1648 1865 nunc

216 1880 338 1924 aliud
372 1883 449 1924 aut
483 1882 680 1940 cogitare
714 1885 792 1926 aut
824 1884 952 1941 loqui
985 1899 1183 1941 possum.
1250 1882 1374 1927 Vale

855 2012 1006 2052 XXIV
1041 1986 1172 2038 {aab
1191 2009 1235 2035 a„
1272 1994 1426 2061 yma
1454 1993 1710 2072 armos

581 2099 623 2133 c,
647 2100 853 2134 PLINIUS
882 2101 1088 2134 MAXIMo
1118 2101 1214 2135 sno
1245 2101 1281 2135 s.
1391 2069 1548 2105 amm*
1581 2085 1588 2091 ⁴

310 2180 452 2225 Amor
485 2182 532 2226 in
566 2184 609 2225 te
643 2197 767 2226 meus
802 2184 943 2242 cogit,
976 2199 1068 2227 non
1095 2187 1147 2227 ut
1173 2183 1446 2241 praecipiam
1480 2181 1646 2242 (neque

217 2242 334 2287 enim
378 2247 665 2302 praeceptore
709 2244 852 2304 eges),
904 2246 1169 2290 admoneam
1209 2250 1377 2302 tamen,
1420 2247 1489 2302 ut,
1534 2260 1647 2302 quae

320 2369 363 2401 19
392 2366 546 2403 diversa
572 2380 609 2413 a,
638 2368 790 2414 Muell„
816 2368 980 2405 adversa
1008 2370 1070 2415 M,
1097 2369 1148 2405 K.
1279 2368 1352 2405 22⁸⁹
1377 2369 1558 2416 ignaram
1586 2368 1648 2404 avi

215 2416 342 2462 patris
370 2418 421 2453 M
428 2429 461 2462 r,
496 2418 598 2463 K.I‚
632 2418 891 2465 ignaramque
923 2419 1050 2466 patris
1084 2432 1120 2464 a,
1157 2419 1257 2465 Otto,
1292 2419 1441 2464 Muell„
1474 2418 1554 2466 ign.
1584 2418 1646 2455 avi

216 2466 398 2513 ignaram
419 2469 519 2512 patr.
536 2477 570 2513 ς,
591 2468 671 2516 ign.
696 2468 792 2516 [avi]
814 2481 851 2514 p.
876 2469 927 2506 K.
944 2471 1003 2514 II,
1030 2469 1110 2516 ign.
1133 2469 1194 2506 sui
1214 2481 1252 2516 p.
1269 2469 1433 2514 (lortius,
1461 2468 1543 2516 ign.
1565 2468 1647 2505 cari

217 2528 255 2562 p.
284 2527 359 2564 090.
503 2521 548 2553 25
576 2518 717 2554 timore
745 2531 782 2564 a,
813 2518 909 2563 Otto,
939 2520 1088 2564 Muell„
1115 2520 1292 2566 tempore
1321 2520 1381 2564 M,
1410 2518 1477 2564 K,
1502 2519 1587 2566 ipse
1614 2531 1646 2555 r.

1673 833 1708 859 10

1674 1144 1708 1172 15

1673 1458 1710 1485 20

1674 1770 1710 1798 25

1681 2015 1703 2034 0

1674 2196 1710 2223 30
