1630 2678
135 665 152 696 1

131 847 153 879 2

130 968 153 999 3

134 1211 155 1241 4

181 189 240 232 20
770 183 807 218 C.
834 180 966 217 mm

181 297 464 341 admiratione
490 295 812 353 dignissimum,
844 293 948 349 quia
973 291 1137 346 videre,
1168 289 1367 346 adloqui,
1397 287 1561 346 audire,

182 358 412 415 complecti
461 371 539 400 nec
582 355 758 399 laudare
802 357 995 408 tantum,
1043 366 1193 395 verum
1238 350 1371 394 etiam
1414 363 1561 394 amare

181 419 405 477 contingit.
469 417 588 461 Vale.

804 503 933 542 XVH.

390 581 430 614 C.
452 579 652 613 PLINIUS
679 577 927 612 CORNELIO
954 575 1157 609 TITIANO
1185 574 1280 610 SUO
1308 574 1346 608 S.
1586 584 1604 612 ⁶

260 649 340 693 Est
371 648 513 691 adhuc
545 662 671 691 curae
702 645 954 689 hominibus
986 644 1093 687 fides
1126 645 1169 687 et
1195 642 1414 700 officium,
1445 645 1578 702 sunt,¹

181 710 255 767 qui
297 709 601 753 defunctorum
643 722 817 764 quoque
856 707 1019 749 amicos
1051 707 1195 763 agant.
1258 702 1452 748 Titinius
1484 701 1580 747 Ga.->

179 772 270 828 pito
312 771 365 814 ab
407 771 667 825 imperatore
707 771 858 811 nostro
900 766 1171 823 impetravit,
1210 767 1262 809 ut
1293 764 1378 809 sibi
1407 763 1563 809 liceret

179 834 364 875 statuam
390 830 437 874 L.
464 829 602 874 Silani
634 829 679 872 in
710 829 806 872 foro
838 843 1010 885 ponere.
1066 826 1306 870 Pulchrum
1330 827 1376 870 et
1401 839 1563 884 magna

178 892 305 935 laude
331 891 511 949 dignum
538 890 728 934 amicitia
752 889 960 946 principis
980 889 1026 932 in
1044 888 1130 931 hoc
1148 887 1233 944 uti,
1260 888 1562 944 quantumque
1587 903 1625 933 ιο

179 953 318 1011 gratia
349 953 511 1006 valeas,
542 952 727 995 aliorum
752 950 991 993 honoribus
1017 948 1216 1005 experiri.
1271 947 1357 992 Est
1380 946 1562 992 omnino

181 1013 383 1070 Capitoni
421 1013 468 1056 in
507 1028 589 1056 usu
630 1012 768 1055 claros
810 1011 925 1054 viros
957 1011 1118 1067 colere;
1157 1010 1316 1053 mirum
1349 1011 1434 1066 est,
1476 1023 1590 1067 qua‘

179 1075 406 1132 religione,
448 1088 534 1130 quo
577 1072 721 1116 studio
759 1072 967 1130 imagines
999 1071 1258 1127 Brutorum,
1299 1068 1564 1126 Cassiorum,

180 1134 392 1178 Catonum
431 1133 567 1189 domi,
608 1133 685 1176 ubi
722 1136 884 1189 potest,
926 1132 1097 1176 habeat.
1165 1131 1288 1176 Idem
1331 1131 1565 1176 clarissimi
1605 1167 1612 1173 ,

182 1196 391 1252 cuiusque
440 1195 574 1238 vitam
625 1194 810 1252 egregiis
861 1193 1124 1237 carminibus
1170 1194 1364 1237 exornat.
1440 1189 1563 1237 Scias
1590 1207 1626 1236 ιο

182 1257 324 1312 ipsum
368 1255 567 1312 plurimis
611 1255 845 1298 virtutibus
890 1255 1126 1309 abundare,
1172 1253 1248 1311 qui
1292 1253 1457 1299 alienas
1501 1252 1566 1297 sic

182 1320 306 1360 amat.
365 1315 587 1359 'Redditus
631 1319 698 1359 est
740 1315 787 1359 L.
826 1314 974 1359 Silano
1019 1315 1190 1359 debitus
1233 1315 1396 1371 honor,
1440 1313 1565 1358 cuius

183 1378 484 1420 inmortalitati
519 1375 672 1433 Capito
705 1377 929 1433 prospexit
959 1377 1123 1432 pariter
1153 1382 1198 1420 et
1229 1390 1344 1420 suae.
1407 1373 1566 1433 Neque

183 1438 297 1480 enim
338 1438 474 1495 magis
515 1437 719 1481 decorum
761 1441 805 1481 et
843 1437 1013 1495 insigne
1054 1441 1121 1481 est
1161 1439 1352 1482 statuam
1388 1435 1436 1480 in
1466 1435 1564 1480 foro

184 1499 335 1555 populi
367 1498 552 1541 Romani
582 1498 740 1541 habere
773 1512 902 1554 quam
934 1513 1106 1555 ponere.
1169 1497 1291 1543 Vale.
1590 1513 1628 1541 so

798 1623 948 1662 XVIII.

343 1696 384 1729 C.
407 1697 602 1731 PLINIUS
629 1698 874 1732 SUETONIO
902 1699 1221 1740 TRANQUILLO
1249 1698 1344 1733 SUO
1372 1698 1411 1733 S.

267 1763 428 1807 Scribis
467 1767 508 1807 te
546 1766 819 1820 perterritum
858 1767 1028 1810 somnio
1066 1767 1223 1823 vereri,
1260 1782 1316 1811 ne
1355 1765 1463 1824 quid
1493 1765 1566 1810 ad·
1624 1787 1626 1789 ¹

187 1825 299 1867 versi
340 1825 385 1867 in
425 1826 592 1868 actione
624 1827 819 1882 patiaris,
860 1842 1009 1884 rogas,
1050 1831 1100 1870 ut
1130 1827 1388 1872 dilationem
1408 1823 1567 1884 petam

187 1887 230 1927 et
260 1885 468 1940 pauculos
501 1885 608 1941 dies,
646 1890 761 1929 certe
792 1889 1057 1944 proximum,
1095 1903 1309 1933 excusem.
1371 1887 1567 1932 Difficile
1591 1910 1629 1938 ,ς

188 1947 273 2000 est,
311 1946 384 1988 sed
425 1947 636 2001 experiar:
675 1947 760 1989 καὶ
791 1947 889 2002 γάρ
921 1949 955 1990 τ’
991 1949 1121 2006 ὄναρ
1154 1948 1209 1994 ἐκ
1242 1951 1382 2016 Διός.
1404 1947 1566 1993 ἐστιν.

189 2005 341 2048 Refert
377 2009 541 2061 tamen,
578 2011 785 2050 eventura
823 2009 961 2051 soleas
1000 2025 1055 2052 an
1087 2011 1306 2054 contraria
1336 2009 1566 2055 somniare.

188 2066 297 2109 Mihi
335 2067 555 2122 reputanti
593 2069 809 2110 somnium
848 2085 990 2112 meum
1023 2070 1158 2126 istud,
1197 2072 1315 2128 quod
1345 2071 1474 2115 times
1505 2072 1567 2126 tu,

188 2126 406 2184 egregiam
456 2127 670 2170 actionem
720 2130 974 2184 portendere
1024 2132 1205 2175 videtur.
1282 2131 1569 2194 Susceperam

188 2201 362 2230 causam
400 2186 498 2230 Iuni
536 2187 747 2244 Pastoris,
791 2204 889 2233 cum
933 2191 1041 2234 mihi
1086 2193 1327 2248 quiescenti
1369 2193 1466 2237 visa
1503 2195 1570 2236 est
1593 2208 1630 2245 ‚a

189 2246 337 2292 socrus
380 2263 475 2291 mea
515 2248 719 2291 advoluta
760 2252 961 2307 genibus,
1001 2268 1054 2295 ne
1096 2268 1289 2311 agerem,
1329 2254 1568 2299 obsecrare.

189 2307 248 2351 Et
285 2323 402 2351 eram
441 2311 614 2352 acturus
653 2310 1000 2355 adulescentulus
1039 2314 1199 2371 adhuc,
1237 2330 1356 2359 eram
1386 2315 1435 2359 in
1466 2328 1570 2371 qua-

287 2445 304 2474 1
340 2439 496 2485 adloqui
529 2440 661 2476 audire
692 2453 760 2477 om.
794 2443 831 2479 R
845 2444 885 2479 F
892 2456 918 2488 p
931 2456 971 2487 a,
1005 2445 1090 2480 add.
1123 2445 1164 2481 D
1178 2458 1198 2483 r
1211 2454 1244 2482 ς.
1351 2450 1373 2483 8
1405 2445 1572 2494 contigit

189 2488 227 2526 R
241 2488 350 2532 FD,
369 2489 480 2535 vuly„
501 2489 690 2536 contingit
702 2502 813 2536 pra,
841 2492 1031 2536 Hofacker
1046 2505 1084 2539 p.
1106 2496 1165 2531 49.
1247 2499 1292 2530 26
1320 2495 1433 2533 Hom.
1452 2496 1492 2532 A
1510 2497 1570 2532 63.

1610 2560 1630 2598 ,μ’

1607 2603 1630 2678 ί
