1630 2678
90 421 133 453 15

91 784 134 817 16

90 906 131 938 17

90 1149 132 1181 18

94 1572 137 1604 19

93 1994 139 2027 20

157 113 216 157 42
744 104 781 141 C.
808 103 942 140 PLINI

158 238 259 279 que3
309 235 408 264 nam
458 219 683 263 duodecim
728 215 966 274 clepsydris
974 249 986 271 ‚
1043 230 1151 272 quas
1201 213 1543 273 spatiosissimas

159 297 419 339 acceperam,
450 284 551 324 sunt
575 280 747 323 additae
777 281 995 335 quattuor.
1042 277 1166 321 Adeo
1186 276 1265 321 illa
1290 277 1406 334 ipsa,
1430 290 1545 334 quae

160 345 266 387 dura
305 346 347 386 et
388 343 565 385 adversa
605 341 775 383 dicturo
817 338 1095 395 videbantur,
1147 338 1338 382 secunda.
1381 337 1546 382 dicenti

159 405 343 447 fuerunt.
396 403 549 446 Caesar
581 402 755 458 quidem
787 402 960 443 tantum
992 399 1103 443 mihi
1129 399 1342 456 studium,
1374 401 1543 443 tantam

159 467 287 509 etiam
325 479 470 508 curam
510 462 712 521 (nimium
752 465 817 506 est
855 462 971 504 enim
1003 461 1146 505 dicere
1179 459 1544 518 sollicitudinem)

159 526 390 582 praestitit,
431 529 480 568 ut
516 524 722 567 libertum
754 538 899 566 meum
931 525 1034 579 post
1058 537 1128 566 me
1154 524 1344 566 stantem
1370 521 1544 579 saepius

159 588 423 641 admoneret,
460 586 558 629 voci
595 585 808 641 laterique
847 585 1139 640 consulerem,
1177 597 1277 627 cum
1316 597 1387 627 me
1416 582 1546 626 vehe-

160 648 344 690 mentius
384 649 557 703 putaret
588 646 775 700 intendi,
820 660 950 701 quam
989 645 1212 702 gracilitas
1244 659 1343 688 mea
1373 644 1547 702 perpeti

161 711 317 764 posset.
382 707 625 764 Respondit
662 707 772 750 mihi
810 721 889 762 pro
930 706 1150 749 Marciano
1190 704 1399 750 Claudius
1431 705 1546 749 Mar-

160 770 350 812 cellinus.
401 769 560 812 Missus
593 768 747 811 deinde
778 770 953 811 senatus
986 770 1029 811 et
1060 769 1291 811 revocatus
1322 766 1370 810 in
1400 769 1547 824 poste-

159 845 272 883 rum3
309 844 449 886 neque
491 830 606 872 enim
645 830 730 872 iam
770 828 965 872 inchoari
997 831 1173 885 poterat
1203 828 1340 884 actio,
1377 827 1465 871 m'si
1494 829 1548 871 ut

159 892 297 934 noctis
339 891 585 934 interventu
627 890 903 933 scinderetur.
973 889 1155 934 Postero
1198 889 1267 933 die
1309 889 1422 933 dixit
1464 903 1545 946 pro

159 951 295 995 Mario
339 950 510 995 Salvius
543 951 770 1006 Liberalis,
808 951 876 993 vir
908 951 1104 1008 subtilis,
1143 950 1404 1008 dispositus,
1436 964 1548 1006 acer,

160 1012 361 1066 disertus3
401 1013 446 1055 in
478 1013 554 1055 illa
585 1027 687 1055 vero
721 1027 851 1055 causa
883 1027 1034 1055 omnes
1067 1014 1181 1055 artes
1215 1027 1315 1055 suas
1347 1011 1546 1068 protulit.

160 1073 402 1129 Respondit
441 1072 665 1116 Cornelius
707 1073 884 1117 Tacitus
924 1073 1284 1129 eloquentissime
1323 1077 1388 1129 et,
1428 1073 1548 1129 quod

159 1134 363 1184 eximium
397 1135 583 1177 orationi
614 1135 704 1177 eius
738 1135 861 1189 inest,
895 1141 1079 1189 σεμνῶς.
1137 1133 1263 1177 Dixit
1293 1148 1375 1191 pro
1406 1133 1548 1177 Mario

159 1209 305 1238 rursus
343 1195 507 1238 Fronto
547 1194 692 1238 Catius
731 1195 979 1254 insigniter,
1018 1198 1154 1251 utque
1191 1196 1280 1238 iam
1317 1195 1442 1239 locus
1474 1195 1549 1239 ille

160 1256 377 1311 poscebat,
402 1257 500 1312 plus
526 1257 573 1299 in
598 1256 799 1312 precibus
825 1256 1036 1312 temporis
1063 1271 1196 1313 quam
1223 1257 1271 1299 in
1296 1256 1550 1300 defensione

161 1318 440 1373 consumpsit.
504 1316 645 1360 Huius
697 1318 915 1361 actionem
964 1332 1148 1374 vespera
1202 1317 1403 1374 inclusit,
1457 1331 1550 1361 non

161 1381 304 1419 tamen
347 1378 427 1433 sic,
470 1381 520 1421 ut
560 1378 849 1435 abrumperet.
919 1377 1073 1435 Itaque
1118 1379 1163 1421 in
1207 1379 1385 1422 tertium
1432 1378 1548 1422 diem

163 1438 438 1493 probationes
484 1439 691 1482 exierunt.
767 1438 861 1482 Iam
904 1440 990 1483 hoc
1034 1441 1180 1496 ipsum
1224 1440 1460 1496 pulchrum
1505 1442 1550 1483 et

164 1499 408 1553 antiquum,
441 1503 637 1542 senatum
663 1503 792 1544 nocte
825 1500 988 1556 dirimi,
1021 1501 1168 1544 triduo
1201 1501 1368 1558 vocari,
1399 1501 1548 1544 triduo

165 1560 385 1601 contineri.
449 1559 663 1603 Cornutus
702 1561 942 1617 Tertullus,
984 1562 1139 1605 consul
1177 1562 1451 1621 designatus,
1481 1562 1551 1605 vir

164 1621 362 1676 egregius
405 1623 447 1662 et
488 1635 566 1676 pro
599 1622 779 1666 veritate
823 1623 1120 1679 firmissimus,
1169 1624 1340 1667 censuit
1386 1623 1550 1680 septin-

164 1683 294 1737 genta
325 1681 463 1735 milia,
494 1696 602 1737 quae
634 1687 858 1738 acceperat
890 1684 1066 1739 Marius,
1104 1685 1271 1728 aerario
1311 1684 1550 1740 inferenda,

164 1741 301 1783 Mario
334 1742 437 1784 urbe
469 1740 678 1797 Italiaque
704 1744 1068 1800 interdicendum,
1099 1745 1324 1790 Marciano
1349 1746 1436 1790 hoc
1460 1760 1549 1788 am-

164 1802 279 1857 plius
311 1800 471 1844 Africa.
534 1801 585 1844 In
624 1804 708 1846 fine
747 1806 984 1849 sententiae
1017 1806 1191 1863 adiecit,
1231 1806 1350 1864 quod
1389 1821 1472 1865 ego
1505 1809 1550 1850 et

165 1861 340 1905 Tacitus
361 1863 556 1906 iniuncta
575 1863 858 1908 advocatione
879 1867 1111 1924 diligenter
1137 1871 1181 1911 et
1205 1867 1383 1912 fortiter
1406 1867 1550 1911 functi

165 1937 373 1978 essemus,
404 1923 603 1966 arbitrari
635 1928 830 1968 senatum
864 1927 925 1969 ita
956 1942 1036 1970 nos
1069 1929 1240 1984 fecisse,
1282 1931 1333 1972 ut
1364 1928 1549 1987 dignum

167 1984 379 2026 mandatis
421 1985 617 2039 partibus
654 1986 797 2029 fuerit.
862 1987 1161 2032 Adsenserunt
1198 1990 1401 2034 consules
1438 1989 1549 2033 desi-

165 2045 303 2101 gnati,
351 2059 500 2087 omnes
548 2047 678 2088 etiam
719 2049 965 2091 consulares
1010 2064 1148 2106 usque
1189 2051 1244 2094 ad
1287 2050 1549 2108 Pompeium

166 2105 410 2162 Collegam:
450 2106 524 2148 ille
562 2109 605 2149 et
646 2108 922 2165 septingenta
959 2111 1081 2153 milia
1118 2112 1285 2156 aerario
1322 2111 1550 2155 inferenda

165 2169 209 2208 et
245 2165 513 2208 Marcianum
550 2167 596 2209 in
638 2169 982 2224 quinquennium
1019 2173 1321 2230 relegandum,
1359 2172 1549 2216 Marium

163 2227 500 2282 repetundarum
533 2242 715 2284 poenae,
748 2245 876 2285 quam
909 2232 996 2274 iam
1028 2248 1182 2288 passus
1214 2237 1346 2290 esset,
1378 2233 1550 2278 censuit

262 2375 304 2406 11
339 2373 382 2406 ut
413 2383 482 2407 om.
515 2372 587 2417 Fp
601 2384 636 2407 a.
736 2377 781 2409 22
815 2374 942 2411 dirimi
976 2378 1132 2424 MDp,
1165 2379 1296 2424 Pomp.
1329 2379 1450 2424 Laet„
1482 2378 1549 2423 K„

164 2419 294 2464 Merra,
322 2420 467 2464 Muell„
492 2420 638 2456 dirimit
671 2422 711 2466 V,
738 2422 883 2459 dimitti
910 2425 1034 2470 Fra,
1064 2427 1159 2464 Otto.

1573 779 1609 807 1⁰

1574 1085 1610 1114 15

1574 2006 1611 2033 8⁰
