1630 2678
478 122 833 162 EPISTULARUM
858 122 912 160 111
940 127 1082 169 18,19.
1418 126 1476 170 83

81 238 231 298 qualia
253 238 428 297 placere
451 236 660 293 viderint,
692 236 896 280 scribent
947 234 1014 279 Ac
1046 235 1155 279 mihi
1175 235 1353 291 quidem
1373 250 1475 279 con-

80 300 172 347 fido
213 300 263 344 in
303 299 391 344 hoc
433 313 592 358 genere
635 298 842 341 materiae
890 297 1086 341 laetioris
1136 297 1228 340 stili
1278 299 1479 340 constare

80 361 313 418 rationem,
346 375 447 405 cum
479 375 530 404 ea
560 359 728 417 potius,
768 373 880 415 quae
911 359 1104 415 pressius
1137 361 1182 401 et
1213 358 1477 414 adstrictius,

81 437 215 481 quam
254 422 349 479 illa,
391 437 503 478 quae
543 420 726 464 hilarius
759 423 804 463 et
844 420 970 476 quasi
1008 419 1276 463 exultantius
1309 419 1479 476 scripsi,

38 496 57 527 s
78 484 254 543 possint
292 483 432 527 videri
473 482 683 527 accersita
725 484 768 524 et
809 480 999 524 inducta.
1062 480 1168 524 Non
1199 481 1298 524 ideo
1329 483 1479 524 tamen

80 545 260 605 segnius
292 558 463 602 precor,
503 547 554 587 ut
594 543 857 599 quandoque
895 543 1044 585 veniat
1076 542 1168 586 dies
1201 542 1479 598 (utinamque

80 606 171 652 iam
199 603 426 663 veneritl),
458 620 546 662 quo
578 603 764 648 austeris
797 603 886 647 11118
919 603 1169 659 severisque
1202 603 1347 647 dulcia
1371 603 1481 646 haec

80 667 330 725 blandaque
360 667 432 711 vel
463 667 579 710 iusta
610 665 888 722 possessione
920 664 1144 708 decedant.

178 728 328 774 Habes
358 730 456 773 acta
486 742 584 772 mea
613 726 766 782 tridui3
809 726 968 783 quibus
1011 726 1201 784 cognitis
1234 726 1356 769 volui
1387 728 1480 769 tan-
1508 737 1552 772 11

21 803 57 832 ιο
80 793 177 835 tum
215 793 261 834 te
300 788 542 846 voluptatis
585 788 811 832 absentem
852 790 897 831 et
938 787 1185 831 studiorum
1225 787 1405 830 nomine
1437 790 1482 830 et

81 866 180 896 meo
199 865 366 909 capere,
385 853 599 908 quantum
618 863 825 907 praesens
845 849 1071 906 percipere
1091 849 1323 906 potuisses.
1357 847 1481 892 Vale.

724 967 1043 1042 mad„
1075 982 1325 1073 [109⁰
1295 990 1302 996 ·
1345 989 1465 1032 ’,ΖΞ

347 1075 390 1110 C.
411 1076 612 1110 PLINIUS
640 1075 873 1109 CALVISIO
900 1075 1035 1109 RUFO
1064 1075 1157 1109 SUO
1187 1077 1223 1108 ὃ.

179 1155 377 1201 Adsumo
419 1159 463 1200 te
505 1157 551 1200 in
593 1156 828 1200 consilium
871 1156 936 1200 rei
977 1156 1226 1212 familiaris,
1265 1158 1315 1198 ut
1348 1156 1481 1199 soleo.
1510 1167 1528 1199 1

0 1211 55 1263 {15
80 1216 265 1263 Praedia
302 1233 420 1277 agris
458 1218 566 1262 meis
606 1218 751 1261 vicina
784 1220 916 1274 atque
949 1218 1082 1261 etiam
1114 1217 1279 1260 inserta
1309 1217 1484 1260 venalia

2 1314 6 1315 γ
79 1279 308 1324 8111111111
339 1279 409 1323 1118
442 1295 512 1322 1110
544 1279 685 1322 multa
716 1279 977 1335 sollicitant,
1018 1278 1167 1334 aliqua
1197 1293 1279 1322 nec
1311 1278 1484 1321 minora

79 1340 310 1385 deterrent.
342 1338 564 1385 Sollicitat
585 1341 789 1410 'primum
822 1340 920 1397 ipsa
944 1339 1230 1397 pulchritudo
1258 1339 1530 1397 iungendi,2

0 1425 3 1457 ς
79 1401 235 1446 deinde
266 1402 386 1460 quod
417 1416 508 1446 non
534 1402 681 1445 minus
713 1402 822 1445 utile
856 1416 988 1458 quam
999 1402 1332 1470 'voluptuosum
1352 1415 1483 1457 posse

0 1459 6 1508 Ε
78 1466 267 1521 utraque
286 1463 438 1508 eadem
467 1478 611 1520 opera,
638 1463 792 1506 eodem
812 1462 1006 1506 viatico'
995 1462 1196 1518 invisere,
1221 1462 1302 1505 sub
1330 1461 1483 1505 eodem

0 1521 54 1615 'w
76 1527 364 1583 procuratore
408 1539 459 1568 ac
499 1539 637 1582 paene
679 1524 816 1567 isdem
860 1523 1082 1567 actoribus
1127 1523 1309 1579 habere,
1350 1537 1483 1566 unam

77 1586 231 1630 villam
264 1586 406 1630 colere
438 1588 483 1630 et
521 1601 695 1640 ornare,
739 1586 922 1628 alteram
960 1586 1134 1628 tantum
1172 1585 1298 1628 tueri.
1361 1582 1483 1627 Inest
1508 1595 1531 1628 3

77 1647 183 1691 huic
214 1647 535 1705 computationi
568 1649 770 1702 sumptus
804 1645 1111 1702 supellectilis,
1144 1649 1347 1703 sumptus
1381 1646 1483 1688 atri—

79 1707 269 1765 ensium,
309 1708 622 1766 topiariorum,
663 1707 888 1750 fabrorum
931 1710 1063 1763 atque
1102 1707 1234 1750 etiam
1268 1706 1484 1750 venatorii

78 1768 427 1826 instrumenti3‘
410 1784 541 1825 quae
592 1769 834 1825 plurimum
883 1768 1017 1812 refert
1061 1783 1199 1811 unum
1244 1769 1290 1810 in
1335 1768 1483 1811 locum

0 1842 53 1871 ¹⁶
79 1829 279 1874 conferas
324 1845 381 1873 an
419 1830 466 1873 in
504 1830 676 1873 diversa
714 1829 950 1887 dispergas.
1017 1828 1182 1873 Contra
1218 1844 1390 1885 vereor,
1429 1844 1484 1872 ne
1510 1841 1534 1874 4

0 1897 7 1919 ⁹
78 1891 138 1934 sit
168 1891 395 1935 incautum
439 1906 532 1934 rem
573 1893 662 1934 tam
706 1905 911 1948 magnam
953 1891 1092 1935 isdem
1134 1891 1484 1947 tempestatibus,

77 1950 217 1996 isdem
250 1951 422 1996 casibus
456 1952 660 2007 subder03
697 1951 836 1995 tutius
870 1952 1044 1996 videtur
1082 1952 1249 1995 incerta
1280 1951 1484 1994 fortunae

78 2013 410 2070 possessionum
442 2013 726 2057 varietatibus
764 2013 964 2070 experiri.
1027 2012 1175 2057 Habet
1208 2012 1339 2056 etiam
1372 2013 1482 2056 mul-

76 2077 174 2119 tum
205 2074 491 2119 iucunditatis
524 2074 607 2118 soli
627 2075 823 2131 caelique
852 2075 1039 2118 mutatio
1066 2075 1250 2131 ipsaque
1283 2074 1358 2117 illa
1389 2089 1485 2131 per-

59 2135 297 2194 egrinatio
336 2136 452 2179 inter
490 2150 579 2179 sua.
652 2134 763 2192 Iam,
796 2136 915 2205 quod
948 2135 1274 2179 deliberationis
1307 2138 1483 2178 nostrae
1511 2145 1532 2178 5

78 2198 220 2267 caput·
243 2200 329 2254 est,
360 2197 455 2266 agri
488 2199 591 2240 sunt
616 2196 800 2253 fertiles,
833 2197 1038 2256 pingues,
1072 2197 1245 2253 aquosi,
1279 2198 1486 2240 constant

78 2258 265 2316 campis,
297 2258 457 2315 vineis,
490 2258 632 2314 silvis,
665 2273 777 2314 quae
803 2259 1031 2302 materiam
1065 2262 1108 2301 et
1135 2273 1189 2301 ex
1215 2273 1266 2300 ea
1291 2257 1483 2301 reditum

78 2319 195 2364 sicut
224 2319 448 2364 modicum
480 2320 542 2363 ita
574 2322 737 2363 statum
771 2323 1007 2376 praestant.
1051 2318 1135 2362 Sed
1163 2319 1270 2362 haec
1295 2318 1483 2363 felicitas
1511 2328 1532 2361 6

77 2382 220 2425 terrae
252 2380 484 2426 imbecillis
524 2380 767 2425 cultoribus
809 2381 1032 2439 fatigatur.
1096 2379 1213 2424 Nam
1257 2394 1486 2437 possessor

78 2441 202 2499 prior
232 2442 406 2500 saepius
439 2442 637 2486 vendidit
668 2442 855 2500 pignora
887 2446 949 2499 et,
981 2442 1085 2485 dum
1112 2441 1282 2498 reliqua
1308 2442 1485 2486 colono-

1208 2526 1258 2561 6*
