1656 2684
176 197 229 240 13
757 186 794 223 C.
822 183 953 221 PLINI

173 306 256 349 fide
297 319 390 347 mea
430 301 619 359 spondeo
661 299 855 342 futurum
897 299 947 339 ut
979 295 1126 339 omnia
1155 293 1288 350 longe
1320 289 1550 360 ampliora,

174 380 301 422 quam
347 380 371 407 a
415 379 480 406 me
524 360 846 418 praedicantur,
890 357 1096 400 invenias.
1172 353 1324 411 Dih'go
1370 350 1548 409 quidem

173 427 486 470 adulescentem
520 421 834 474 ardentissime,
872 419 985 461 sicut
1017 417 1223 470 meretur3
1261 412 1336 457 sed
1366 411 1454 458 hoc
1485 412 1549 470 ip-

174 502 266 530 sum
300 484 480 529 amantis
513 486 595 538 est,
626 497 714 525 non
747 494 923 523 onerare
956 493 1054 521 eum
1085 475 1299 520 laudibus.
1362 472 1486 525 Vale.

813 605 886 644 XV
1574 615 1591 643 ⁵

138 669 202 720 1²¹
417 683 458 716 c,
478 682 676 715 1‘L1N1Us
706 679 931 713 SEPTICIO
960 677 1120 711 CLARO
1149 675 1241 710 suo
1270 674 1308 709 s,

127 767 144 799 1
250 752 367 796 Heus
408 754 474 806 tu,
515 749 734 806 promittis
776 747 830 790 ad
872 761 1020 790 cenam
1061 759 1141 788 nec
1172 743 1312 787 venis!
1373 741 1550 787 Dicitur
1602 740 1608 758 ”

173 815 255 856 ius:
305 813 358 856 ad
402 826 540 854 assem
584 809 851 866 impendium
895 807 1045 850 reddes
1094 820 1175 849 nec
1224 805 1269 848 id
1313 803 1547 849 modicum.

125 883 146 914 2
173 874 349 917 Paratae
390 874 511 915 erant
541 872 735 914 lactucae
768 869 982 927 singulae,
1024 867 1224 911 cochleae
1255 868 1425 922 ternae,
1465 880 1550 910 ova

172 935 289 990 bina,
331 933 472 976 halica
515 947 613 976 cum
657 932 798 974 mulso
844 933 887 973 et
923 929 1022 972 nive
1060 929 1180 986 (nam
1218 927 1334 971 hanc
1371 941 1548 984 quoque
1574 944 1610 972 ιο

173 994 463 1051 computabis,
499 993 633 1035 immo
665 992 778 1035 hanc
810 991 855 1034 in
886 990 1056 1047 primis,
1095 1003 1206 1045 quae
1237 987 1354 1046 perit
1383 988 1432 1032 in
1460 987 1550 1033 fer-

173 1057 303 1111 culo),
335 1055 493 1110 olivae,
524 1053 705 1109 betacei,
738 1052 1003 1107 cucurbitae,
1035 1050 1175 1105 bulbi,
1200 1050 1287 1094 alia
1310 1048 1434 1093 mille
1457 1063 1550 1093 non

174 1117 315 1160 minus
364 1117 493 1158 lauta.
568 1114 775 1158 Audisses
826 1112 1055 1156 comoedos
1105 1112 1176 1155 vel
1223 1111 1437 1155 lectorem
1478 1110 1550 1154 vel

126 1185 147 1215 3
172 1178 351 1233 lyristen
383 1176 470 1230 vel,
501 1190 609 1231 quae
641 1190 736 1218 mea
765 1174 1022 1229 liberalitas,
1053 1172 1205 1216 omnis.
1262 1170 1326 1216 At
1354 1173 1405 1216 tu
1430 1171 1547 1229 apud

172 1238 315 1281 nescio
349 1251 476 1292 quem
509 1239 667 1291 ostrea,
704 1235 873 1291 vulvas,
911 1234 1106 1291 echinos,
1141 1232 1379 1277 Gaditanas
1411 1232 1548 1278 malu-
1574 1249 1610 1278 ιε

173 1299 255 1342 isti.
318 1297 452 1340 Dabis
485 1311 664 1353 poenas,
701 1311 789 1339 non
822 1296 917 1339 dico
951 1311 1069 1352 quas.
1132 1294 1253 1339 Dure
1282 1293 1451 1338 fecisti:
1483 1293 1550 1339 in·
1631 1293 1644 1298 ’

173 1359 336 1413 vidisti,
373 1358 519 1401 nescio
558 1373 613 1400 an
644 1357 743 1412 tibi,
782 1359 894 1400 certe
927 1356 1054 1412 mihi,
1091 1356 1166 1400 sed
1197 1358 1348 1406 tamen
1378 1357 1424 1400 et
1452 1353 1548 1399 tibi.

175 1419 390 1470 Quantum
440 1433 520 1461 nos
569 1418 839 1473 lusissemus,
895 1418 1158 1474 risissemus,
1210 1416 1549 1461 studuissemus!

128 1487 149 1518 4
175 1479 302 1523 Potes
342 1479 588 1535 apparatius
630 1494 782 1522 cenare
823 1479 937 1535 apud
970 1479 1149 1536 multos,
1188 1492 1409 1534 nusquam
1439 1476 1550 1521 hila-

176 1540 282 1595 rius,
312 1540 566 1595 simplicius,
598 1539 823 1582 incautius.
880 1539 930 1582 In
957 1555 1124 1582 summa
1149 1539 1346 1596 experire
1370 1541 1434 1595 et,
1462 1537 1551 1583 nisi
1575 1527 1656 1598 ¹07*

177 1604 325 1656 postea
367 1604 409 1643 te
453 1601 547 1643 aliis
591 1601 736 1656 potius
782 1601 1072 1656 excusaveris,
1115 1601 1224 1644 mihi
1269 1614 1443 1658 semper
1479 1614 1551 1644 ex·
1646 1615 1647 1619 ’

177 1675 287 1703 cusa.
349 1660 468 1703 Vale.

800 1726 905 1764 XVI.

530 1799 570 1831 C.
591 1800 785 1833 PLINIUS
811 1800 995 1834 ERUCIO
1023 1800 1116 1834 SUO
1145 1801 1182 1835 S.

131 1880 148 1910 1
255 1865 463 1908 Amabam
483 1866 736 1922 Pompeium
752 1867 1032 1911 Saturninum
1052 1867 1190 1927 (hunc
1209 1869 1307 1914 dico
1326 1865 1550 1925 nostrum)
1575 1882 1613 1912 ss

176 1926 490 1982 laudabamque
531 1928 621 1969 eius
663 1928 900 1984 ingenium,
942 1930 1071 1973 etiam
1113 1933 1348 1987 antequam
1381 1929 1551 1987 scirem,

179 2002 307 2042 quam
350 1988 533 2042 varium,
575 2003 703 2043 quam
744 1989 950 2044 flexibile,
992 2005 1121 2046 quam
1154 1991 1401 2049 multiplex·
1418 1992 1551 2047 esnet3

129 2059 150 2090 2
178 2061 292 2089 nunc
332 2062 432 2089 vero
474 2050 613 2090 totum
652 2064 719 2091 me
752 2052 886 2105 tenet,
926 2050 1076 2107 habet,
1116 2053 1323 2108 possidet.
1386 2050 1552 2096 Audivi

177 2122 325 2150 causas
366 2111 563 2164 agentem
605 2109 759 2152 acriter
798 2113 841 2153 et
882 2111 1078 2155 ardenter
1116 2128 1198 2157 nec
1234 2114 1381 2158 minus
1411 2111 1551 2171 polite
1628 2126 1656 2167 4

177 2172 220 2211 et
251 2170 417 2223 ornate,
449 2169 538 2211 sive
571 2170 774 2213 meditata
807 2171 894 2213 sive
927 2173 1070 2216 subita
1094 2174 1320 2230 proferret.
1376 2172 1553 2218 Adsunt
1577 2182 1629 2217 eo<

245 2256 285 2257 ἡ
303 2255 397 2257 *j
1618 2218 1628 2263 ἓ

273 2302 292 2333 7
319 2298 466 2334 dicetur
493 2298 512 2334 ,9
533 2300 581 2335 Κ.
603 2301 634 2335 Ι.
747 2305 791 2336 10
818 2302 914 2338 alica
934 2315 968 2339 a.
997 2326 1039 2331 —
1067 2305 1163 2341 haec
1185 2317 1257 2352 pro
1282 2307 1384 2343 hano
1409 2305 1550 2352 RFp-

179 2351 219 2381 11
247 2347 347 2392 perit
373 2347 512 2383 RFD
534 2359 597 2393 pr
613 2360 653 2392 a,
679 2350 795 2394 periit
822 2352 871 2387 M
883 2352 947 2387 VS
1052 2357 1096 2389 13
1124 2355 1349 2391 comoedum
1374 2353 1551 2401 (nomed.)
1625 2375 1629 2394 ;

176 2396 217 2431 F
219 2407 323 2440 pra,
351 2396 493 2442 Stanyl,
517 2397 611 2439 Otto,
635 2399 779 2442 Muell„
805 2400 984 2435 comoeda
1012 2403 1091 2445 (sed
1117 2407 1143 2437 ᾗ
1162 2404 1204 2439 in
1224 2405 1343 2440 litura
1361 2404 1412 2441 al.
1430 2405 1551 2449 man.)
1602 2399 1630 2456 4

184 2444 224 2487 V,
250 2443 428 2479 comoedo
449 2445 498 2489 R,
523 2446 719 2481 comoedos
741 2448 800 2491 M,
820 2449 883 2491 K,
915 2450 1112 2486 comoedes
1139 2451 1192 2496 D,
1211 2452 1260 2497 cf.
1284 2453 1336 2489 ad
1361 2452 1439 2499 IX,
1452 2453 1553 2498 36,4

176 2497 208 2527 et
233 2495 293 2536 40,
310 2495 335 2528 2
360 2493 459 2537 (vide
484 2493 613 2530 Kraut
636 2506 672 2539 p.
698 2498 720 2530 3
747 2496 950 2534 ‘Konkreta
974 2498 1184 2545 kollektiff).
