1630 2678
167 149 227 194 64
762 137 800 174 G.
820 136 953 173 PLINI

98 258 145 330 '6
172 258 355 303 servitus
395 255 578 299 fecisset.
641 250 695 294 ‘A
734 250 820 293 fine
852 247 1001 291 Aufidi
1039 245 1165 289 Bassi
1197 237 1382 302 triginta
1411 240 1555 286 unus.’

174 320 379 363 ‘Naturae
410 314 689 359 historiarum
722 310 904 368 triginta
935 306 1133 365 septem',
1181 319 1292 362 opus
1333 303 1555 359 diffusum,

126 396 146 428 ἰ
174 380 387 424 eruditum
419 390 498 419 nec
529 375 672 417 minus
693 372 860 415 varium
894 384 1026 426 quam
1046 369 1142 424 ipsa
1159 368 1329 410 natura.
1367 364 1557 421 Miraris,

175 441 290 498 quod
326 442 393 481 tot
430 434 653 479 volumina
691 434 916 487 multaque
957 430 1003 473 in
1049 429 1118 473 his
1163 430 1254 471 tam
1297 426 1556 483 scrupulosa

173 502 303 545 homo
337 499 570 554 occupatus
603 493 858 548 absolverit,
889 491 1028 549 magis
1060 488 1308 545 miraberis,
1337 487 1376 532 si
1407 486 1556 532 scieris
1582 501 1600 528 s

174 564 297 605 illum
324 558 576 615 aliquandiu
603 570 752 599 causas
780 554 1000 606 actitasse,
1028 550 1262 594 decessisse
1289 563 1404 592 anno
1431 550 1555 592 sexto

174 626 216 667 et
247 618 659 678 quinquagensimo,
698 615 889 659 medium
921 617 1094 669 tempus
1139 612 1379 655 distentum
1423 610 1557 666 impe-

174 684 395 737 ditumque
428 695 513 736 qua
533 678 690 722 officiis
723 676 923 719 maximis
964 689 1049 730 qua
1081 672 1275 716 amicitia
1305 670 1555 729 principum
1622 683 1625 686 ⁴

127 759 148 791 8
174 745 320 802 egisse.
385 740 471 784 Sed
512 742 604 783 erat
644 753 741 782 acre
774 737 1016 794 ingenium,
1058 733 1312 778 incredibile
1351 732 1560 788 studium,
1624 739 1630 786 j

175 818 341 849 summa
370 801 610 859 vigilantia.
674 799 922 842 Lucubrare
955 795 1269 840 Vulcanalibus
1307 793 1558 851 incipiebat,
1585 806 1621 835 ιο

174 881 262 909 non
302 861 556 919 auspicandi
594 875 742 915 causa,
792 859 864 902 sed
910 857 1131 913 studendi,
1174 855 1325 900 statim
1364 870 1390 898 a
1429 857 1559 898 nocte

175 927 332 981 multa,
374 924 516 967 hieme
556 936 659 965 vero
702 921 754 964 ab
786 920 894 963 hora
926 918 1110 976 septima
1141 918 1230 974 vel,
1273 931 1373 962 cum
1405 915 1559 960 tardis-

175 987 302 1042 sime,
329 987 500 1039 octava,
531 998 659 1039 saepe
684 984 815 1025 sexta.
849 980 956 1023 Erat
982 995 1084 1023 sane
1111 978 1255 1023 somni
1279 977 1562 1036 paratissimi,

175 1063 263 1091 non
306 1059 544 1101 numquam
595 1044 725 1086 etiam
770 1043 884 1085 inter
927 1042 1022 1097 ipsa
1072 1040 1217 1085 studia
1259 1038 1466 1084 instantis
1517 1040 1562 1082 et
1616 1063 1622 1067 -

128 1124 149 1156 9
177 1107 421 1151 deserentis.
474 1105 588 1148 Ante
619 1105 761 1147 lucem
787 1103 877 1146 ibat
903 1103 955 1145 ad
981 1102 1302 1159 Vespasianum
1326 1101 1562 1157 imperato·
1587 1112 1622 1140 ιδ

176 1184 265 1212 rem
298 1166 418 1226 (nam
445 1167 518 1209 ille
545 1180 718 1222 quoque
744 1164 946 1207 noctibus
972 1161 1216 1220 utebatur),
1247 1161 1349 1206 inde
1374 1161 1430 1205 ad
1449 1160 1562 1204 dele-

178 1232 327 1287 gatum
360 1228 443 1271 sibi
476 1227 681 1270 officium.
722 1225 937 1269 Reversus
964 1225 1159 1280 domum,
1193 1223 1311 1280 quod
1342 1221 1562 1279 reliquum

109 1305 152 1337 10
177 1289 407 1346 temporis,
446 1287 600 1331 studiis
633 1286 850 1330 reddebat.
894 1286 1001 1329 Post
1032 1286 1178 1329 cibum
1210 1282 1400 1343 [saepe],
1431 1297 1563 1340 quem

179 1350 365 1394 interdiu
378 1351 518 1392 levem
538 1352 582 1391 et
600 1347 773 1391 facilem
793 1350 986 1390 veterum
1014 1362 1133 1390 more
1154 1346 1367 1402 sumebat,
1387 1347 1566 1401 aestate,

180 1412 216 1454 si
249 1410 352 1466 quid
373 1410 469 1466 otii,
502 1409 671 1453 iacebat
691 1409 736 1451 in
763 1409 872 1464 sole,
903 1408 1014 1451 liber
1045 1407 1291 1466 legebatur,
1324 1405 1566 1450 adnotabat
1590 1419 1627 1447 no

182 1472 532 1528 excerpebatque.
564 1469 690 1513 Nihil
722 1470 838 1512 enim
870 1469 990 1527 legit,
1023 1469 1140 1526 quod
1171 1483 1263 1512 non
1295 1469 1566 1523 excerperet3
1623 1515 1625 1517 ,

182 1532 320 1575 dicere
361 1532 490 1575 etiam
533 1531 700 1574 solebat
740 1531 909 1573 nullum
944 1545 1037 1573 esse
1067 1531 1231 1574 librum
1262 1532 1355 1574 tam
1386 1527 1567 1583 malum,

112 1607 156 1639 11
183 1595 233 1635 ut
262 1607 351 1635 non
383 1593 527 1647 aliqua
557 1595 679 1648 parte
711 1591 947 1648 prodesset.
997 1591 1104 1635 Post
1136 1591 1274 1635 solem
1305 1590 1566 1648 plerumque

183 1653 341 1710 frigida
370 1653 614 1707 lavabatur,
651 1652 803 1695 deinde
842 1652 1047 1710 gustabat
1079 1651 1409 1707 dormiebatque
1439 1650 1567 1694 mini-

184 1728 321 1768 mum,
364 1728 464 1755 mox
506 1714 628 1768 quasi
669 1714 754 1756 alio
797 1713 864 1756 die
904 1714 1107 1757 studebat
1138 1714 1184 1757 in
1215 1727 1348 1757 cenae
1379 1715 1566 1768 tempus.
1592 1725 1630 1753 ιο

185 1773 325 1830 Super
349 1774 461 1816 hanc
486 1773 595 1816 liber
613 1774 855 1831 legebatur,
882 1774 1175 1818 adnotabatur
1198 1777 1244 1818 et
1269 1773 1447 1830 quidem
1474 1786 1568 1816 cur-

114 1848 157 1881 12
185 1835 278 1877 sim.
323 1834 502 1877 Memini
534 1835 748 1889 quendam
780 1851 832 1877 ex
864 1835 1026 1891 amicis,
1058 1851 1156 1879 cum
1190 1836 1330 1879 lector
1355 1833 1568 1891 quaedam

185 1910 411 1952 perperam
453 1895 794 1950 pronuntiasset,
835 1911 1062 1940 revocasse
1107 1900 1151 1940 et
1181 1896 1324 1953 repeti
1355 1894 1570 1953 coegisse3

185 1956 288 1998 huic
332 1955 593 1998 avunculum
638 1971 782 1998 meum
829 1956 1004 2000 dixisse:
1050 1956 1345 2001 ‘Intellexeras
1383 1954 1570 2012 nempe’.

188 2015 295 2059 Cum
315 2016 389 2058 ille
407 2016 645 2071 adnuisset,
679 2015 779 2058 ‘Cur
799 2031 901 2074 ergo
922 2018 1185 2062 revocabas?
1211 2019 1359 2062 decem
1379 2015 1569 2073 amplius
1594 2029 1630 2057 ω

115 2090 159 2122 13
187 2091 335 2119 versus
367 2077 449 2119 hac
480 2079 556 2118 tua
587 2076 934 2132 interpellatione
965 2079 1262 2134 perdidimus.'
1305 2077 1447 2122 Tanta
1477 2079 1572 2121 erat

187 2137 452 2193 parsimonia
497 2136 717 2192 temporis.
782 2135 997 2195 Surgebat
1046 2142 1209 2183 aestate
1250 2155 1276 2183 a
1313 2153 1422 2183 cena
1461 2139 1571 2194 luce,
1619 2176 1622 2178 Α

186 2198 327 2240 hieme
368 2197 482 2240 intra
525 2197 710 2252 primam
752 2199 893 2241 noctis
938 2202 980 2242 et
1022 2203 1247 2256 tamquam
1285 2201 1434 2256 aliqua
1473 2199 1572 2257 lege

116 2271 162 2303 14
188 2260 381 2315 cogente.
425 2257 543 2300 Haec
575 2257 686 2300 inter
712 2257 875 2301 medios
901 2259 1070 2304 labores
1097 2261 1304 2318 urbisque
1329 2260 1574 2316 fiemitum3

187 2319 234 2362 in
275 2332 445 2361 secessu
487 2318 629 2361 solum
670 2319 830 2361 balinei
871 2322 1041 2377 tempus
1087 2322 1243 2365 studiis
1282 2321 1572 2366 eximebatur:
1598 2331 1630 2360 su

287 2448 356 2484 18*
383 2449 527 2497 [saepe]
555 2460 628 2495 eqo.
730 2452 774 2484 34
802 2449 956 2486 fremitu
983 2452 1090 2496 FM,
1117 2452 1275 2488 tremitu
1302 2453 1343 2490 V.
