1716 2742
200 160 287 205 196
788 156 849 193 ·c.
873 156 1009 193 PLINI

148 285 168 317 7
196 273 346 317 tum‘P’
399 272 500 316 Hoc
531 287 682 328 nepos.
735 270 798 314 At
831 271 1010 315 hercule
1045 271 1306 315 alienissimi
1338 273 1544 317 homines
1578 274 1626 317 in

194 336 411 379 honorem
446 333 751 387 Quadratillae
786 332 944 392 (pudet
978 349 1048 377 me
1083 334 1247 378 dixisse
1279 333 1518 395 honorem)
1548 351 1628 393 per

195 397 465 442 adulationis
488 396 688 440 officium
716 396 762 438 in
790 396 1017 439 theatrum
1040 396 1330 454 cursitabant,
1351 398 1627 455 exultabant,

194 460 487 518 plaudebant,
528 458 807 502 mirabantur
846 473 897 502 ac
941 459 1099 502 deinde
1133 460 1336 518 singulos
1370 463 1522 519 gestus
1551 461 1627 505 do-

195 524 340 566 minae
384 537 484 565 cum
528 521 714 565 canticis
758 520 1020 578 reddebant3
1062 521 1140 579 qui
1178 537 1299 566 nunc
1338 523 1629 582 exiguissima
1656 536 1672 563 5

192 587 360 643 legata,
417 583 650 627 theatralis
710 599 870 641 operae
930 584 1236 642 corollarium,
1297 585 1518 642 accipient
1573 587 1627 630 ab

145 657 166 691 8
194 647 374 703 herede,
408 647 485 703 qui
518 661 611 690 non
645 646 888 704 spectabat.
954 646 1099 703 Haec,
1132 647 1239 704 quia
1278 648 1415 704 soles,
1449 648 1487 692 si
1521 649 1629 705 quid

193 709 350 753 incidit
381 709 507 766 novi,
540 724 633 752 non
660 709 829 752 invitus
857 709 1030 766 audire,
1064 709 1223 753 deinde
1251 710 1357 767 quia
1383 710 1629 755 iucundum

193 775 259 816 est
292 771 423 828 mihi,
457 771 578 828 quod
612 787 837 829 ceperam,
870 771 1084 830 gaudium
1113 772 1347 816 scribendo
1374 775 1628 817 retractare.

196 835 378 879 Gaudeo
413 835 532 878 enim
566 835 734 892 pietate
768 834 1024 892 defunctae,
1050 835 1221 878 honore
1250 836 1413 893 optimi
1439 835 1628 893 iuvenis,
1656 850 1692 876 ιο

192 898 337 941 laetor
364 896 518 950 etiam,
546 897 667 954 quod
695 897 855 941 domus
884 897 1126 955 aliquando
1156 896 1200 941 C.
1224 896 1360 956 Cassi,
1387 898 1522 942 huius
1550 899 1629 956 qui

195 959 431 1004 Cassianae
453 960 633 1004 scholae
654 961 863 1017 princeps
886 963 931 1004 et
950 976 1110 1017 parens
1132 960 1234 1018 fuit,
1254 961 1418 1004 serviet
1444 961 1627 1005 domino

142 1034 163 1066 9
190 1038 282 1066 non
300 1022 474 1066 minori.
508 1021 722 1080 Implebit
739 1023 856 1067 enim
875 1023 1000 1067 illam
1018 1021 1272 1076 Quadratus
1294 1038 1420 1068 meus
1441 1026 1486 1068 et
1506 1023 1629 1068 dece-

191 1085 259 1129 bit
283 1099 528 1142 rursusque
556 1085 596 1129 ei
617 1085 854 1142 pristinam
876 1085 1157 1145 dignitatem,
1185 1086 1504 1144 celebritatem,
1533 1087 1628 1146 glo-

189 1148 300 1191 riam
316 1147 483 1205 reddet,
499 1163 601 1192 cum
615 1151 768 1192 tantus
784 1151 935 1192 orator
949 1148 1051 1192 inde
1066 1148 1292 1206 procedet,
1306 1152 1501 1206 quantus
1516 1149 1626 1193 iuris
1655 1161 1690 1189 1⁵

188 1211 264 1254 ille
298 1211 543 1255 consultus.
610 1210 732 1254 Vale.

843 1315 970 1354 XXV.
1004 1301 1225 1375 Zama!
1245 1301 1450 1360 “vua-aa
1467 1306 1627 1360 με.
1675 1327 1678 1330 ·

584 1404 626 1438 C.
649 1404 855 1437 PLINIUS
884 1404 1020 1437 RUFO
1057 1404 1153 1438 SUO
1183 1405 1221 1438 S.

141 1498 159 1530 1
284 1485 320 1530 O
375 1489 594 1544 quantum
647 1485 926 1531 eruditorum
979 1490 1056 1531 aut
1108 1487 1328 1531 modestia
1374 1490 1453 1532 aut
1499 1487 1627 1545 quies

188 1550 389 1606 ipsorum
418 1549 564 1607 operit
591 1564 642 1593 ac
670 1549 895 1593 subtrahit
921 1550 1085 1593 famae!
1145 1549 1209 1594 At
1234 1565 1318 1594 nos
1347 1565 1423 1595 eos
1450 1553 1628 1595 tantum
1655 1570 1691 1598 20

189 1612 353 1656 dicturi
400 1613 571 1669 aliquid
619 1614 697 1656 aut
742 1612 903 1656 lecturi
949 1613 1182 1670 timemus,
1229 1613 1308 1670 qui
1353 1613 1502 1658 studia
1547 1628 1629 1658 sua

188 1674 442 1732 proferunt,
475 1690 577 1719 cum
612 1675 699 1731 illi,
733 1675 810 1732 qui
843 1678 1013 1732 tacent,
1039 1675 1126 1720 hoc
1160 1675 1353 1733 amplius
1387 1678 1628 1734 praestent,

189 1737 309 1794 quod
356 1738 601 1781 maximum
656 1753 769 1795 opus
824 1738 1002 1782 silentio
1049 1741 1320 1782 reverentur.
1398 1738 1626 1796 Expertus

193 1800 355 1857 scribo,
390 1800 509 1856 quod
543 1800 701 1845 scribo.

139 1874 160 1906 2
285 1861 519 1906 Terentius
565 1862 720 1906 Iunior
766 1863 1049 1920 equestribus
1097 1863 1271 1908 militiis
1317 1866 1452 1922 atque
1492 1863 1628 1908 etiam
1654 1883 1690 1910 25

188 1925 503 1982 procuratione
523 1925 833 1970 Narbonensis
854 1926 1113 1983 provinciae
1134 1926 1422 1985 integerrime
1443 1926 1626 1971 functus

187 1987 357 2044 recepit
397 2002 442 2031 se
487 1988 536 2031 in
576 2003 708 2047 agros
757 2003 860 2033 suos
907 1989 1168 2047 paratisque
1213 1989 1461 2034 honoribus
1507 1991 1626 2033 tran-

139 2060 161 2093 3
191 2050 509 2106 quillissimum
546 2051 689 2094 otium
722 2051 948 2108 praetulit.
1013 2052 1148 2096 Hunc
1182 2067 1266 2111 ego
1300 2052 1517 2096 invitatus
1545 2051 1624 2096 ho-

189 2112 324 2169 spitio
359 2116 410 2156 ut
443 2113 611 2156 bonum
645 2116 818 2171 patrem
859 2114 1075 2172 familiae,
1116 2117 1167 2159 ut
1206 2114 1468 2174 diligentem
1511 2114 1626 2174 agri-

188 2176 333 2219 colam
367 2176 575 2219 intuebar
607 2176 660 2220 de
693 2177 763 2220 his
797 2178 1050 2235 locuturus,
1085 2177 1132 2221 in
1166 2177 1330 2234 quibus
1363 2177 1490 2221 illum
1530 2191 1625 2221 ver·
1652 2197 1690 2225 30

189 2237 277 2282 sari
317 2238 554 2295 putabam,
601 2241 645 2282 et
686 2254 942 2296 coeperam,
985 2255 1087 2284 cum
1132 2240 1208 2284 ille
1251 2255 1323 2284 me
1363 2239 1624 2284 doctissimo

137 2313 160 2344 4
188 2315 391 2344 sermone
418 2301 645 2345 revocavit
672 2302 727 2345 ad
755 2302 913 2347 studia.
980 2301 1124 2355 Quam
1151 2305 1270 2347 tersa
1296 2302 1464 2359 omnia,
1490 2316 1625 2360 quam

187 2362 365 2416 Latina,
414 2378 547 2420 quam
595 2362 779 2408 Graeca!
846 2363 963 2408 Nam
1010 2368 1186 2410 tantum
1232 2367 1422 2422 utraque
1467 2365 1626 2424 lingua

290 2485 363 2522 19*
388 2486 462 2532 ips.
485 2488 554 2523 aut
582 2487 692 2532 quies
719 2488 838 2533 codd„
867 2488 964 2533 edd„
993 2489 1063 2524 aut
1088 2488 1200 2534 quies
1221 2487 1294 2535 ips.
1316 2499 1392 2536 eqo.
1498 2491 1545 2524 23
1573 2488 1622 2533 cf.
1707 2503 1709 2506 ·

188 2536 305 2583 Prop.
322 2536 369 2572 II
384 2539 445 2581 34,
466 2539 500 2573 3.
606 2541 650 2573 32
679 2538 762 2574 tam
784 2537 910 2575 latina
930 2547 1001 2583 rs,
1030 2550 1108 2584 qua
1129 2538 1228 2584 Lat„
1257 2548 1336 2584 qua
1357 2536 1421 2574 Gr.
1443 2537 1464 2574 .9
1485 2538 1622 2575 Muell.
1694 2539 1716 2597 ζ’
