1716 2742
510 77 874 116 EPISTULARUM
900 81 1059 115 81-84.
1401 79 1493 125 303

62 198 189 255 runt3
220 194 344 240 Dion
375 193 516 251 dedit,
549 209 683 252 quem
715 193 823 238 huic
856 193 1074 252 epistulae
1107 193 1246 238 iunxi.
1309 191 1412 250 Ipse
1445 193 1494 236 in
1522 204 1542 237 ἰ

63 273 114 304 re
156 258 384 318 praesenti
434 257 503 301 fui
553 259 600 302 et
649 257 743 301 vidi
794 259 920 301 tuam
966 271 1147 315 quoque
1199 258 1395 300 statuam
1447 256 1495 300 in

61 321 340 367 bibliotheca.
364 321 583 379 positam,
615 319 661 364 id
687 322 857 376 autem,
890 320 939 363 in
972 334 1061 377 quo
1090 319 1302 364 dicuntur
1327 319 1494 377 sepulti

62 385 185 430 filius
217 386 264 429 et
293 399 411 428 uxor
442 382 623 440 Dionis,
655 383 704 427 in
736 398 839 427 area
871 383 1163 440 collocatum,
1206 397 1321 440 quae
1353 381 1495 440 porti-

19 461 40 490 ε
62 447 192 494 cibus
218 446 476 492 includitur.
509 445 595 503 Te,
621 445 821 502 domine,
847 460 980 504 rogo,
1006 448 1059 489 ut
1084 461 1155 489 me
1181 445 1230 488 in
1257 445 1343 490 hoc
1369 460 1494 503 prae-
1522 456 1543 489 8

63 510 196 569 cipue
228 524 390 569 genere
423 480 698 568 cognitionis
730 524 885 567 regere
920 508 1136 567 digneris,
1178 523 1281 552 cum
1323 507 1495 566 alioqui

62 587 230 632 magna
256 573 317 617 sit
349 572 622 630 expectatio,
654 573 706 615 ut
730 586 910 615 necesse
944 573 1011 615 est
1045 571 1092 615 in
1126 587 1177 614 ea
1210 587 1277 629 re,
1311 586 1424 630 quae
1451 573 1496 616 et

62 636 112 681 in
143 635 399 681 confessum
432 634 558 680 venit
590 637 635 679 et
667 633 884 692 exemplis
918 633 1183 678 defenditur.

527 738 734 779 LXXXH
769 735 1031 790 [LXXXVI]

0 826 38 854 ιο
546 815 801 850 TRAIANUS
827 815 1018 849 PLINIO.

156 885 355 932 Potuisti
385 901 480 931 non
511 887 715 944 haerere,
753 885 816 929 mi
850 884 1055 930 Secunde
1088 885 1337 943 carissime,
1376 886 1495 931 circa
1523 895 1543 929 1

62 950 128 1008 id,
162 949 216 995 de
250 965 341 1008 quo
373 965 445 994 me
478 949 803 994 consulendum
837 948 1125 1006 existimasti,
1158 964 1260 993 cum
1293 949 1496 1007 proposi-

62 1015 161 1058 tum
203 1028 355 1057 meum
398 1012 567 1071 optime
606 1027 762 1056 nosses
804 1027 898 1056 non
940 1027 994 1056 eX
1036 1014 1160 1056 metu
1202 1027 1284 1056 nec
1325 1015 1495 1057 terrore

62 1075 299 1120 hominum
325 1078 404 1120 aut
430 1075 695 1120 criminibus
723 1074 970 1119 maiestatis
997 1075 1295 1119 reverentiam
1320 1075 1496 1120 nomini

0 1151 37 1180 ιε
62 1154 164 1183 meo
197 1138 443 1199 adquirere.
490 1136 669 1182 Omissa
700 1153 809 1197 ergo
843 1153 896 1182 ea
922 1138 1207 1195 quaestione,
1241 1153 1375 1195 quam
1402 1153 1495 1183 non
1522 1022 1543 1180 i

168 1201 367 1259 itterem,
392 1201 528 1246 etiam
556 1201 595 1246 si
622 1201 838 1259 exemplis
866 1200 1170 1258 adiuvaretur,
1200 1202 1315 1245 ratio
1343 1202 1495 1259 potius

63 1264 212 1324 operis
227 1264 374 1309 effecti
394 1263 477 1308 sub
498 1279 606 1309 eura
621 1262 857 1308 Cocceiani
871 1263 1033 1308 Dionis
1052 1264 1315 1321 excutiatur,
1333 1279 1432 1309 cum
1450 1268 1496 1309 et

62 1327 236 1372 utilitas
268 1327 465 1372 civitatis
492 1328 644 1386 exigat
666 1342 749 1372 nec
776 1329 855 1371 aut
881 1329 1056 1371 recuset
1082 1326 1204 1371 Dion
1231 1330 1308 1372 aut
1336 1327 1496 1372 debeat

0 1467 37 1497 ιο
62 1405 279 1436 recusare.
502 1456 734 1497 LXXXHI.
771 1453 1055 1508 [LXXXVH]

338 1533 381 1568 C.
402 1533 610 1568 PLINIUS
638 1533 863 1567 TRAIANO
891 1533 1224 1567 IMPERATORI.

156 1603 375 1664 Rogatus,
396 1604 589 1661 domine,
611 1620 637 1648 a
653 1603 978 1648 Nicaeensibus
995 1602 1177 1661 publice
1194 1619 1275 1662 per
1294 1619 1357 1661 ea,
1381 1620 1495 1662 quae

62 1667 176 1712 mihi
191 1670 238 1712 et
252 1669 359 1712 sunt
376 1669 422 1711 et
437 1666 602 1711 debent
622 1682 718 1711 esse
740 1667 1042 1724 sanctissima,
1061 1666 1107 1710 id
1124 1669 1192 1711 est
1213 1682 1293 1724 per
1308 1668 1494 1711 aeterni-

60 1732 201 1775 tatem
218 1733 345 1774 tuam
359 1730 653 1787 salutemque,
672 1732 724 1774 ut
737 1744 891 1787 preces
906 1745 1009 1774 suas
1030 1728 1086 1774 ad
1100 1731 1144 1773 te
1157 1730 1413 1788 perferrem,
1426 1731 1495 1774 fas

0 1806 36 1835 26
60 1808 155 1838 non
176 1793 334 1852 putavi
352 1808 517 1852 negare
538 1795 863 1850 acceptumque
886 1793 942 1837 ab
967 1793 1020 1836 iis
1042 1792 1246 1838 libellum
1275 1794 1382 1838 huic
1404 1794 1495 1852 epi·

62 1856 207 1901 stulae
239 1856 378 1900 iunxi.

488 1921 715 1962 LXXXIV.
751 1919 1059 1975 [LXXXVIH.]

546 1998 801 2033 TRAIANUS
827 1999 1018 2034 PLINIO.

154 2068 498 2127 Nicaeensibus,
532 2068 611 2127 qui
636 2068 952 2113 intestatorum
986 2070 1153 2114 civium
1181 2085 1365 2113 suorum
1392 2084 1496 2114 con-

0 2146 36 2175 so
62 2146 233 2177 cessam
266 2131 617 2177 vindicationem
653 2132 876 2177 bonorum
910 2149 936 2176 a
976 2133 1078 2176 divo
1113 2131 1321 2192 Augusto
1366 2132 1496 2176 adfir-

163 2234 185 2268 8
211 2242 285 2268 nec
311 2230 477 2278 exempl.
502 2231 680 2268 Momms.
824 2234 869 2267 15
898 2231 1107 2278 adquirere
1136 2232 1187 2268 K.
1203 2232 1263 2276 II,
1291 2232 1339 2277 cf.
1363 2231 1497 2268 Kraut

57 2293 98 2329 p.
132 2284 195 2328 40,
241 2281 397 2328 adquiri
443 2282 493 2327 A,
534 2282 587 2318 K.
608 2282 645 2327 I,
684 2282 828 2327 Hard.,
875 2281 1112 2328 adquirendi
1159 2282 1309 2327 Madv„
1356 2282 1494 2319 Muell.

63 2336 110 2370 16
143 2331 277 2379 potius
310 2332 356 2369 de
387 2332 630 2378 Winterfeld,
664 2332 816 2378 Muell„
848 2332 972 2369 totius
1004 2333 1105 2380 vulq.
1242 2335 1288 2368 18
1322 2331 1496 2369 civitatis

61 2382 157 2428 Ba,
190 2382 227 2419 ei
254 2381 337 2419 litis
364 2386 422 2427 Α,·
456 2381 571 2431 ei<us
597 2382 746 2431 finem>
774 2382 858 2419 litis
892 2382 1027 2430 exigat
1060 2393 1133 2418 nec
1161 2383 1231 2419 aut
1256 2393 1332 2419 rec.
1357 2381 1404 2419 D.
1427 2383 1498 2419 aut

62 2431 470 2520 debgaififoecusam
496 2433 566 2480 (vel
590 2432 853 2483 Eumolpus»
882 2444 957 2470 rec.
981 2433 1158 2480 Winterf.
1282 2436 1329 2469 30
1357 2432 1495 2483 (sibi)

61 2494 129 2519 vm
241 2494 370 2520 omms.
