1716 2742
213 117 303 162 388
827 111 865 148 e.
894 111 1032 148 PL1N1

165 242 186 274 3
214 229 356 274 tentia
400 243 493 272 non
539 228 702 286 prima,
750 227 827 272 sed
869 227 1039 272 melior.
1106 225 1169 271 At
1209 226 1309 285 quis
1343 230 1476 272 antea
1505 227 1647 285 loqui,

216 292 316 351 quis
349 291 522 336 hiscere
556 290 748 335 audebat
787 292 966 350 praeter
1004 290 1192 335 miseros
1232 290 1357 349 illos,
1396 291 1475 349 qui
1512 290 1648 349 primi

215 354 638 414 interrogabantur?
679 352 826 399 Ceteri
853 353 1033 412 quidem
1062 352 1198 398 defixi
1225 357 1270 399 et
1295 353 1479 400 attoniti
1502 353 1647 412 ipsam

216 419 341 462 illam
381 419 552 461 mutam
593 432 645 462 ac
683 416 982 462 sedentariam
1016 416 1296 462 adsentiendi
1336 416 1649 462 necessitatem

217 496 306 539 quo
342 495 443 525 cum
477 479 632 524 dolore
665 480 823 537 animi,
862 495 951 538 quo
992 494 1095 524 cum
1134 480 1276 526 totius
1315 479 1515 537 corporis
1547 478 1651 524 hor·
1677 490 1694 519 5

166 556 189 588 4
216 559 317 588 rore
350 543 735 601 perpetiebantur!
768 542 898 588 Unus
927 542 1140 600 solusque
1167 544 1397 601 censebat,
1431 542 1554 600 quod
1587 557 1651 587 se-

218 609 464 665 querentur
491 621 645 652 omnes
674 609 719 650 et
739 621 894 651 omnes
922 606 1250 664 improbarent,
1282 606 1330 651 in
1356 605 1515 665 primis
1542 605 1651 663 ipse,

220 670 299 727 qui
333 671 577 714 censuerat.
643 667 769 714 Adeo
803 669 930 713 nulla
970 669 1114 728 magis
1155 670 1364 714 omnibus
1400 668 1654 727 displicent,

169 745 190 778 5
219 748 356 791 quam
384 747 498 791 quae
525 731 590 777 sic
616 732 751 788 fiunt,
785 735 1018 790 tamquam
1045 732 1254 777 omnibus
1281 733 1502 804 placeant
1546 730 1653 775 For-

218 798 337 841 tasse
370 796 616 854 imperator
659 796 707 839 in
750 797 909 840 senatu
953 795 1009 839 ad
1052 795 1349 840 reverentiam
1393 795 1488 840 eius
1534 809 1654 840 com·
1682 806 1716 834 ¹0

219 858 491 930 ponebatur3
518 861 715 903 ceterum
737 873 941 918 egressus
963 858 1116 903 statim
1139 874 1185 904 se
1200 858 1479 918 recipiebat
1467 874 1515 902 111
1535 857 1655 916 prin-

221 922 366 980 cipem
407 922 646 980 omniaque
687 921 943 967 consularia
982 921 1134 966 officia
1173 921 1360 976 abicere,
1404 921 1657 981 neglegere,

173 998 194 1030 6
222 987 508 1030 contemnere
542 985 727 1030 solebat
792 984 876 1029 llle
902 1000 1008 1029 vero
1036 985 1100 1029 ita
1127 986 1303 1043 consul,
1336 987 1389 1030 ut
1415 984 1453 1029 si
1478 986 1657 1029 tantum

224 1049 383 1094 consul
415 1047 551 1106 foret,
592 1048 708 1093 nihil
747 1047 865 1092 infra
909 1063 954 1092 se
997 1048 1206 1106 putabat,
1247 1048 1336 1094 nisi
1379 1047 1500 1106 quod
1539 1046 1659 1091 infra

175 1123 195 1156 ’1
225 1112 457 1156 consulem
491 1114 619 1156 esset.
685 1110 753 1156 Ac
785 1111 982 1170 primum
1014 1111 1079 1155 ita
1112 1112 1246 1156 domo
1274 1110 1658 1171 progrediebatur,
1685 1120 1716 1149 1⁵

224 1177 277 1219 ut
308 1175 434 1219 illum
470 1174 622 1219 nullus
656 1174 896 1232 adparatus
930 1175 1214 1233 arrogantiae
1246 1174 1528 1233 principalis,
1560 1173 1658 1218 nul-

224 1239 295 1282 lus
329 1252 672 1296 praecursorum
706 1238 929 1282 tumultus
970 1237 1198 1283 detineret.
1265 1238 1369 1284 Una
1401 1239 1496 1283 erat
1528 1236 1575 1281 in
1607 1236 1659 1280 li-

226 1302 347 1346 mine
380 1316 508 1345 mora
540 1301 797 1346 consultare
837 1316 941 1345 aves
980 1301 1263 1359 revererique
1295 1301 1533 1346 numinum
1567 1314 1660 1344 mo-

177 1376 198 1409 8
226 1364 363 1409 nitus.
405 1363 553 1409 Nemo
581 1364 951 1422 proturbabatur,
978 1379 1110 1408 nemo
1139 1364 1509 1422 submovebatur3
1535 1364 1662 1407 tanta

226 1427 477 1472 viatoribus
513 1428 656 1485 quies,
692 1429 846 1471 tantus
880 1427 1027 1486 pudor
1060 1427 1279 1486 fascibus,
1311 1430 1363 1472 ut
1395 1427 1661 1486 plerumque
1687 1439 1716 1467 111

229 1491 376 1535 aliena
408 1490 542 1535 turba
575 1491 818 1535 subsistere
852 1494 897 1535 et
924 1491 1155 1536 consulem
1183 1493 1229 1536 et
1254 1490 1507 1550 principem
1534 1504 1663 1549 coge-

179 1566 200 1599 9
227 1556 308 1598 ret.
372 1552 521 1612 Ipsius
557 1553 739 1611 quidem
773 1553 975 1598 officium
1008 1556 1102 1598 tam
1137 1554 1386 1612 modicum,
1425 1555 1519 1598 tam
1551 1555 1663 1597 tem-

229 1619 456 1688 peratum,
501 1619 554 1661 ut
599 1617 812 1674 antiquus
859 1617 1023 1675 aliquis
1070 1632 1352 1677 magnusque
1387 1616 1547 1662 consul
1580 1615 1664 1660 sub

229 1681 350 1725 bono
384 1680 588 1739 principe
621 1680 825 1725 incedere
859 1680 1097 1725 videretur.
1161 1681 1249 1725 lter
1287 1680 1356 1725 illi
1395 1678 1574 1738 saepius
1617 1677 1665 1722 in

155 1745 215 1792 '7¹7
230 1744 400 1801 forum,
431 1743 691 1801 frequenter
722 1746 874 1788 tamen
902 1746 946 1787 et
972 1743 1020 1787 in
1047 1758 1270 1802 campum
1334 1742 1454 1788 Nam
1481 1740 1666 1788 comitia
1692 1754 1716 1782 2³

232 1807 469 1852 consulum
505 1806 661 1851 obibat
697 1807 812 1865 ipse3
844 1809 1023 1851 tantum
1056 1822 1111 1851 ex
1142 1806 1476 1851 renuntiatione
1509 1820 1666 1850 eorum

231 1869 479 1928 voluptatis
524 1872 743 1928 quantum
806 1870 931 1928 prius
984 1885 1039 1914 ex
1090 1869 1391 1914 destinatione
1449 1868 1666 1927 capiebat.

183 1948 204 1981 2
234 1932 426 1978 Stabant
459 1933 704 1978 candidati
721 1935 824 1977 ante
858 1933 1059 1978 curulem
1086 1932 1323 2004 principis,
1356 1934 1408 1977 ut
1434 1932 1531 2003 ipse
1564 1932 1668 1976 ante

235 1996 434 2042 consulis
478 1998 679 2054 steterat,
732 1996 1117 2055 adigebanturque
1163 1996 1211 2040 in
1256 1996 1412 2053 verba,
1461 1995 1509 2039 in
1556 2009 1668 2052 quae

236 2059 372 2131 paulo
413 2062 517 2104 ante
549 2059 645 2117 ipse
678 2060 903 2104 iuraverat
935 2059 1166 2118 princeps,
1209 2059 1287 2117 qui
1319 2061 1497 2103 tantum
1536 2059 1668 2116 putat
1694 2071 1716 2098 s

238 2137 334 2167 esse
355 2123 402 2167 in
423 2122 519 2167 iure
540 2123 749 2182 iurando,
771 2125 835 2167 ut
855 2122 969 2167 illud
990 2125 1034 2167 et
1055 2122 1111 2166 ab
1133 2121 1233 2166 aliis
1255 2121 1418 2182 exigat.
1477 2119 1671 2179 Reliqua

190 2202 211 2235 3
239 2200 342 2245 pars
383 2185 471 2230 diei
503 2185 719 2230 tribunali
765 2185 966 2230 dabatur.
1031 2183 1102 2230 Ibi
1147 2200 1252 2230 vero
1300 2186 1470 2243 quanta
1509 2182 1670 2243 religio

241 2249 498 2307 aequitatis,
533 2252 702 2306 quanta
734 2250 886 2308 legum
919 2248 1187 2293 reverentia!
1220 2246 1391 2293 Adibat
1423 2246 1588 2305 aliquis
1621 2248 1673 2290 ut

190 2329 214 2360 4
240 2313 510 2370 principem:
553 2312 855 2370 respondebat
888 2327 934 2357 se
967 2312 1197 2357 consulem
1233 2326 1340 2356 esse.
1405 2308 1587 2354 Nullius
1615 2309 1671 2353 ab

243 2391 295 2420 eo
342 2375 634 2435 magistratus
680 2375 768 2432 ius,
821 2375 990 2420 nullius
1031 2374 1274 2419 auctoritas
1327 2373 1551 2418 inminuta
1594 2374 1674 2430 est,
1699 2385 1716 2412 3

346 2517 393 2550 24
420 2526 454 2550 υ.
476 2512 673 2559 Hofacker
693 2523 735 2559 p.
757 2515 818 2550 55.
