<?xml version="1.0" encoding="UTF-8"?>
<!DOCTYPE html PUBLIC "-//W3C//DTD XHTML 1.0 Transitional//EN"
    "http://www.w3.org/TR/xhtml1/DTD/xhtml1-transitional.dtd">
<html xmlns="http://www.w3.org/1999/xhtml" xml:lang="en" lang="en">
 <head>
  <title>
</title>
<meta http-equiv="Content-Type" content="text/html;charset=utf-8" />
  <meta name='ocr-system' content='tesseract 3.04.00' />
  <meta name='ocr-capabilities' content='ocr_page ocr_carea ocr_par ocr_line ocrx_word'/>
</head>
<body>
  <div class='ocr_page' id='page_1' title='image "./epistularumlibr00plin_0407.png"; bbox 0 0 1716 2742; ppageno 0'>
   <div class='ocr_carea' id='block_1_1' title="bbox 32 1104 70 1134">
    <p class='ocr_par' dir='ltr' id='par_1_1' title="bbox 32 1104 70 1134">
     <span class='ocr_line' id='line_1_1' title="bbox 32 1104 70 1134; baseline 0 0"><span class='ocrx_word' id='word_1_1' title='bbox 32 1104 70 1134; x_wconf 69' lang='lat'><strong>15</strong></span> 
     </span>
    </p>
   </div>
   <div class='ocr_carea' id='block_1_2' title="bbox 476 92 1516 144">
    <p class='ocr_par' dir='ltr' id='par_1_2' title="bbox 476 92 1516 144">
     <span class='ocr_line' id='line_1_2' title="bbox 476 92 1516 144; baseline 0.006 -13"><span class='ocrx_word' id='word_1_2' title='bbox 476 92 807 133; x_wconf 73' lang='lat' dir='ltr'>PANEGYRIGU</span> <span class='ocrx_word' id='word_1_3' title='bbox 810 95 835 132; x_wconf 91' lang='lat' dir='ltr'>S</span> <span class='ocrx_word' id='word_1_4' title='bbox 864 99 922 142; x_wconf 83' lang='grc'><strong>78,</strong></span> <span class='ocrx_word' id='word_1_5' title='bbox 938 105 954 133; x_wconf 89' lang='lat'><strong>5</strong></span> <span class='ocrx_word' id='word_1_6' title='bbox 968 118 1013 124; x_wconf 92' lang='lat'><em>-</em></span> <span class='ocrx_word' id='word_1_7' title='bbox 1031 99 1090 142; x_wconf 87' lang='lat'><strong>81,</strong></span> <span class='ocrx_word' id='word_1_8' title='bbox 1106 106 1134 133; x_wconf 80' lang='lat'><strong>2.</strong></span> <span class='ocrx_word' id='word_1_9' title='bbox 1428 98 1516 144; x_wconf 86' lang='lat'><strong>391</strong></span> 
     </span>
    </p>
   </div>
   <div class='ocr_carea' id='block_1_3' title="bbox 18 209 1520 270">
    <p class='ocr_par' dir='ltr' id='par_1_3' title="bbox 18 209 1520 270">
     <span class='ocr_line' id='line_1_3' title="bbox 18 209 1520 270; baseline 0.001 -15"><span class='ocrx_word' id='word_1_10' title='bbox 18 228 37 255; x_wconf 65' lang='grc' dir='ltr'><em>τ</em></span> <span class='ocrx_word' id='word_1_11' title='bbox 94 212 315 258; x_wconf 84' lang='lat' dir='ltr'><strong>dissoluta</strong></span> <span class='ocrx_word' id='word_1_12' title='bbox 327 211 583 257; x_wconf 83' lang='lat' dir='ltr'><strong>clementia!</strong></span> <span class='ocrx_word' id='word_1_13' title='bbox 598 209 715 264; x_wconf 86' lang='lat' dir='ltr'><strong>Quid</strong></span> <span class='ocrx_word' id='word_1_14' title='bbox 723 211 746 255; x_wconf 70' lang='grc' dir='ltr'><strong>ἱ)</strong></span> <span class='ocrx_word' id='word_1_15' title='bbox 756 226 849 256; x_wconf 90' lang='grc'><strong>11011</strong></span> <span class='ocrx_word' id='word_1_16' title='bbox 859 213 910 255; x_wconf 91' lang='lat' dir='ltr'><strong>tu</strong></span> <span class='ocrx_word' id='word_1_17' title='bbox 920 212 1238 270; x_wconf 89' lang='lat' dir='ltr'><strong>locupletando</strong></span> <span class='ocrx_word' id='word_1_18' title='bbox 1250 211 1359 256; x_wconf 88' lang='lat' dir='ltr'><strong>fisco</strong></span> <span class='ocrx_word' id='word_1_19' title='bbox 1369 227 1520 269; x_wconf 90' lang='lat' dir='ltr'><strong>opera-</strong></span> 
     </span>
    </p>
   </div>
   <div class='ocr_carea' id='block_1_4' title="bbox 93 274 1602 1278">
    <p class='ocr_par' dir='ltr' id='par_1_4' title="bbox 93 274 1602 1278">
     <span class='ocr_line' id='line_1_4' title="bbox 94 274 1520 333; baseline -0.001 -13"><span class='ocrx_word' id='word_1_20' title='bbox 94 278 168 320; x_wconf 79' lang='lat' dir='ltr'><strong>tus</strong></span> <span class='ocrx_word' id='word_1_21' title='bbox 201 275 347 332; x_wconf 88' lang='lat' dir='ltr'><strong>sedes,</strong></span> <span class='ocrx_word' id='word_1_22' title='bbox 370 288 453 318; x_wconf 88' lang='lat' dir='ltr'><strong>nec</strong></span> <span class='ocrx_word' id='word_1_23' title='bbox 486 274 606 318; x_wconf 91' lang='lat' dir='ltr'><strong>aliud</strong></span> <span class='ocrx_word' id='word_1_24' title='bbox 640 274 724 318; x_wconf 92' lang='lat' dir='ltr'><strong>tibi</strong></span> <span class='ocrx_word' id='word_1_25' title='bbox 758 274 1004 319; x_wconf 89' lang='lat' dir='ltr'><strong>sententiae</strong></span> <span class='ocrx_word' id='word_1_26' title='bbox 1030 277 1134 319; x_wconf 88' lang='lat' dir='ltr'><strong>tuae</strong></span> <span class='ocrx_word' id='word_1_27' title='bbox 1162 275 1356 333; x_wconf 89' lang='lat' dir='ltr'><strong>pretium</strong></span> <span class='ocrx_word' id='word_1_28' title='bbox 1385 290 1520 333; x_wconf 90' lang='lat' dir='ltr'><strong>quam</strong></span> 
     </span>
     <span class='ocr_line' id='line_1_5' title="bbox 93 335 1569 396; baseline 0 -13"><span class='ocrx_word' id='word_1_29' title='bbox 93 338 207 383; x_wconf 88' lang='lat' dir='ltr'><strong>bene</strong></span> <span class='ocrx_word' id='word_1_30' title='bbox 238 337 470 382; x_wconf 88' lang='lat' dir='ltr'><strong>iudicasse.</strong></span> <span class='ocrx_word' id='word_1_31' title='bbox 536 335 668 381; x_wconf 87' lang='lat' dir='ltr'><strong>Stant</strong></span> <span class='ocrx_word' id='word_1_32' title='bbox 708 340 810 381; x_wconf 88' lang='lat' dir='ltr'><strong>ante</strong></span> <span class='ocrx_word' id='word_1_33' title='bbox 849 340 894 381; x_wconf 89' lang='lat' dir='ltr'><strong>te</strong></span> <span class='ocrx_word' id='word_1_34' title='bbox 926 337 1177 396; x_wconf 76' lang='lat' dir='ltr'><strong>litigatores</strong></span> <span class='ocrx_word' id='word_1_35' title='bbox 1219 353 1312 382; x_wconf 92' lang='lat' dir='ltr'><strong>non</strong></span> <span class='ocrx_word' id='word_1_36' title='bbox 1345 338 1399 382; x_wconf 91' lang='lat' dir='ltr'><strong>de</strong></span> <span class='ocrx_word' id='word_1_37' title='bbox 1431 338 1520 383; x_wconf 89' lang='lat' dir='ltr'><strong>for·</strong></span> <span class='ocrx_word' id='word_1_38' title='bbox 1547 351 1569 383; x_wconf 84' lang='lat'>2</span> 
     </span>
     <span class='ocr_line' id='line_1_6' title="bbox 94 399 1602 458; baseline -0.001 -12"><span class='ocrx_word' id='word_1_39' title='bbox 94 400 218 446; x_wconf 79' lang='lat' dir='ltr'><strong>tuuis</strong></span> <span class='ocrx_word' id='word_1_40' title='bbox 249 400 363 458; x_wconf 84' lang='lat' dir='ltr'><strong>suis,</strong></span> <span class='ocrx_word' id='word_1_41' title='bbox 405 399 482 444; x_wconf 89' lang='lat' dir='ltr'><strong>sed</strong></span> <span class='ocrx_word' id='word_1_42' title='bbox 515 399 569 443; x_wconf 90' lang='lat' dir='ltr'><strong>de</strong></span> <span class='ocrx_word' id='word_1_43' title='bbox 602 403 682 443; x_wconf 90' lang='lat' dir='ltr'><strong>tua</strong></span> <span class='ocrx_word' id='word_1_44' title='bbox 714 400 1045 445; x_wconf 74' lang='lat' dir='ltr'>existimatione</span> <span class='ocrx_word' id='word_1_45' title='bbox 1085 400 1268 445; x_wconf 76' lang='lat' dir='ltr'><strong>solliciti</strong></span> <span class='ocrx_word' id='word_1_46' title='bbox 1306 416 1390 446; x_wconf 93' lang='lat' dir='ltr'><strong>nec</strong></span> <span class='ocrx_word' id='word_1_47' title='bbox 1426 404 1520 445; x_wconf 90' lang='lat' dir='ltr'><strong>tam</strong></span> <span class='ocrx_word' id='word_1_48' title='bbox 1597 448 1602 456; x_wconf 66' lang='grc'><strong>,</strong></span> 
     </span>
     <span class='ocr_line' id='line_1_7' title="bbox 93 461 1520 522; baseline 0 -14"><span class='ocrx_word' id='word_1_49' title='bbox 93 465 324 521; x_wconf 82' lang='lat' dir='ltr'><strong>verentur,</strong></span> <span class='ocrx_word' id='word_1_50' title='bbox 366 461 473 520; x_wconf 89' lang='lat' dir='ltr'><strong>quid</strong></span> <span class='ocrx_word' id='word_1_51' title='bbox 516 461 570 506; x_wconf 90' lang='lat' dir='ltr'><strong>de</strong></span> <span class='ocrx_word' id='word_1_52' title='bbox 609 477 743 506; x_wconf 90' lang='lat' dir='ltr'><strong>causa</strong></span> <span class='ocrx_word' id='word_1_53' title='bbox 782 478 863 507; x_wconf 91' lang='lat' dir='ltr'><strong>sua</strong></span> <span class='ocrx_word' id='word_1_54' title='bbox 903 478 1038 521; x_wconf 88' lang='lat' dir='ltr'><strong>quam</strong></span> <span class='ocrx_word' id='word_1_55' title='bbox 1078 464 1186 522; x_wconf 92' lang='lat' dir='ltr'><strong>quid</strong></span> <span class='ocrx_word' id='word_1_56' title='bbox 1227 463 1280 508; x_wconf 88' lang='lat' dir='ltr'><strong>de</strong></span> <span class='ocrx_word' id='word_1_57' title='bbox 1322 464 1520 508; x_wconf 89' lang='lat' dir='ltr'><strong>moribus</strong></span> 
     </span>
     <span class='ocr_line' id='line_1_8' title="bbox 94 523 1570 584; baseline 0 -12"><span class='ocrx_word' id='word_1_58' title='bbox 94 525 274 572; x_wconf 78' lang='lat' dir='ltr'><strong>sentias.</strong></span> <span class='ocrx_word' id='word_1_59' title='bbox 314 523 352 570; x_wconf 96' lang='grc' dir='ltr'>Ο</span> <span class='ocrx_word' id='word_1_60' title='bbox 379 539 506 569; x_wconf 82' lang='lat' dir='ltr'><strong>veras</strong></span> <span class='ocrx_word' id='word_1_61' title='bbox 532 524 749 583; x_wconf 90' lang='lat' dir='ltr'><strong>principis</strong></span> <span class='ocrx_word' id='word_1_62' title='bbox 771 528 905 584; x_wconf 87' lang='lat' dir='ltr'><strong>atque</strong></span> <span class='ocrx_word' id='word_1_63' title='bbox 932 526 1067 570; x_wconf 89' lang='lat' dir='ltr'><strong>etiam</strong></span> <span class='ocrx_word' id='word_1_64' title='bbox 1095 526 1166 571; x_wconf 90' lang='lat' dir='ltr'><strong>dei</strong></span> <span class='ocrx_word' id='word_1_65' title='bbox 1200 541 1328 571; x_wconf 90' lang='lat' dir='ltr'><strong>curas</strong></span> <span class='ocrx_word' id='word_1_66' title='bbox 1368 542 1522 572; x_wconf 75' lang='grc'><strong>166011-</strong></span> <span class='ocrx_word' id='word_1_67' title='bbox 1548 539 1570 572; x_wconf 80' lang='lat'>3</span> 
     </span>
     <span class='ocr_line' id='line_1_9' title="bbox 93 587 1521 648; baseline 0 -14"><span class='ocrx_word' id='word_1_68' title='bbox 93 588 248 634; x_wconf 82' lang='lat' dir='ltr'><strong>ciliare</strong></span> <span class='ocrx_word' id='word_1_69' title='bbox 279 588 476 633; x_wconf 83' lang='lat' dir='ltr'><strong>aemulas</strong></span> <span class='ocrx_word' id='word_1_70' title='bbox 510 587 714 632; x_wconf 83' lang='lat' dir='ltr'><strong>civitates</strong></span> <span class='ocrx_word' id='word_1_71' title='bbox 742 591 1056 646; x_wconf 85' lang='lat' dir='ltr'><strong>tumentesque</strong></span> <span class='ocrx_word' id='word_1_72' title='bbox 1088 590 1282 648; x_wconf 90' lang='lat' dir='ltr'><strong>populos</strong></span> <span class='ocrx_word' id='word_1_73' title='bbox 1314 605 1407 634; x_wconf 94' lang='lat' dir='ltr'><strong>non</strong></span> <span class='ocrx_word' id='word_1_74' title='bbox 1440 590 1521 634; x_wconf 91' lang='lat' dir='ltr'><strong>im-</strong></span> 
     </span>
     <span class='ocr_line' id='line_1_10' title="bbox 93 650 1523 710; baseline 0 -13"><span class='ocrx_word' id='word_1_75' title='bbox 93 651 219 710; x_wconf 81' lang='lat' dir='ltr'><strong>perio</strong></span> <span class='ocrx_word' id='word_1_76' title='bbox 251 650 396 710; x_wconf 85' lang='lat' dir='ltr'><strong>magis</strong></span> <span class='ocrx_word' id='word_1_77' title='bbox 430 665 565 708; x_wconf 86' lang='lat' dir='ltr'><strong>quam</strong></span> <span class='ocrx_word' id='word_1_78' title='bbox 597 650 771 695; x_wconf 85' lang='lat' dir='ltr'><strong>ratione</strong></span> <span class='ocrx_word' id='word_1_79' title='bbox 805 666 1107 709; x_wconf 90' lang='lat' dir='ltr'><strong>compescere,</strong></span> <span class='ocrx_word' id='word_1_80' title='bbox 1147 652 1419 697; x_wconf 79' lang='lat' dir='ltr'><strong>intercedere</strong></span> <span class='ocrx_word' id='word_1_81' title='bbox 1453 653 1523 696; x_wconf 89' lang='grc'><strong>111-</strong></span> 
     </span>
     <span class='ocr_line' id='line_1_11' title="bbox 93 712 1522 773; baseline 0 -13"><span class='ocrx_word' id='word_1_82' title='bbox 93 713 359 773; x_wconf 81' lang='lat' dir='ltr'><strong>iquitatibus</strong></span> <span class='ocrx_word' id='word_1_83' title='bbox 379 712 726 772; x_wconf 77' lang='lat' dir='ltr'><strong>magistratuum</strong></span> <span class='ocrx_word' id='word_1_84' title='bbox 747 714 1052 772; x_wconf 87' lang='lat' dir='ltr'><strong>infectumque</strong></span> <span class='ocrx_word' id='word_1_85' title='bbox 1072 715 1274 772; x_wconf 91' lang='lat' dir='ltr'><strong>reddere,</strong></span> <span class='ocrx_word' id='word_1_86' title='bbox 1302 715 1522 773; x_wconf 84' lang='lat' dir='ltr'><strong>quidquid</strong></span> 
     </span>
     <span class='ocr_line' id='line_1_12' title="bbox 94 776 1522 835; baseline 0.001 -13"><span class='ocrx_word' id='word_1_87' title='bbox 94 777 193 822; x_wconf 85' lang='lat' dir='ltr'><strong>fieri</strong></span> <span class='ocrx_word' id='word_1_88' title='bbox 223 792 317 822; x_wconf 93' lang='lat' dir='ltr'><strong>non</strong></span> <span class='ocrx_word' id='word_1_89' title='bbox 349 776 621 835; x_wconf 86' lang='lat' dir='ltr'><strong>oportuerit,</strong></span> <span class='ocrx_word' id='word_1_90' title='bbox 652 779 881 834; x_wconf 89' lang='lat' dir='ltr'><strong>postremo</strong></span> <span class='ocrx_word' id='word_1_91' title='bbox 915 777 1187 822; x_wconf 79' lang='lat' dir='ltr'><strong>velocissimi</strong></span> <span class='ocrx_word' id='word_1_92' title='bbox 1215 778 1371 823; x_wconf 90' lang='lat' dir='ltr'><strong>sideris</strong></span> <span class='ocrx_word' id='word_1_93' title='bbox 1398 793 1522 823; x_wconf 89' lang='lat' dir='ltr'><strong>more</strong></span> 
     </span>
     <span class='ocr_line' id='line_1_13' title="bbox 94 839 1522 898; baseline 0 -13"><span class='ocrx_word' id='word_1_94' title='bbox 94 840 247 885; x_wconf 82' lang='lat' dir='ltr'><strong>omnia</strong></span> <span class='ocrx_word' id='word_1_95' title='bbox 271 839 482 897; x_wconf 85' lang='lat' dir='ltr'><strong>invisere,</strong></span> <span class='ocrx_word' id='word_1_96' title='bbox 510 839 662 883; x_wconf 86' lang='lat' dir='ltr'><strong>omnia</strong></span> <span class='ocrx_word' id='word_1_97' title='bbox 688 840 840 884; x_wconf 85' lang='lat' dir='ltr'><strong>audire</strong></span> <span class='ocrx_word' id='word_1_98' title='bbox 867 842 911 884; x_wconf 90' lang='lat' dir='ltr'><strong>et</strong></span> <span class='ocrx_word' id='word_1_99' title='bbox 932 840 1243 898; x_wconf 85' lang='lat' dir='ltr'><strong>undecumque</strong></span> <span class='ocrx_word' id='word_1_100' title='bbox 1263 841 1522 886; x_wconf 82' lang='lat' dir='ltr'><strong>invocatum</strong></span> 
     </span>
     <span class='ocr_line' id='line_1_14' title="bbox 93 902 1572 950; baseline 0.001 -2"><span class='ocrx_word' id='word_1_101' title='bbox 93 902 248 948; x_wconf 84' lang='lat' dir='ltr'><strong>statim</strong></span> <span class='ocrx_word' id='word_1_102' title='bbox 279 902 405 947; x_wconf 81' lang='lat' dir='ltr'><strong>velut</strong></span> <span class='ocrx_word' id='word_1_103' title='bbox 435 917 603 946; x_wconf 90' lang='lat' dir='ltr'><strong>numen</strong></span> <span class='ocrx_word' id='word_1_104' title='bbox 630 902 782 946; x_wconf 85' lang='lat' dir='ltr'><strong>adesse</strong></span> <span class='ocrx_word' id='word_1_105' title='bbox 810 906 854 947; x_wconf 90' lang='lat' dir='ltr'><strong>et</strong></span> <span class='ocrx_word' id='word_1_106' title='bbox 881 903 1114 948; x_wconf 84' lang='lat' dir='ltr'><strong>adsistere!</strong></span> <span class='ocrx_word' id='word_1_107' title='bbox 1157 903 1284 948; x_wconf 87' lang='lat' dir='ltr'><strong>Talia</strong></span> <span class='ocrx_word' id='word_1_108' title='bbox 1310 919 1404 948; x_wconf 89' lang='lat' dir='ltr'><strong>esse</strong></span> <span class='ocrx_word' id='word_1_109' title='bbox 1431 919 1523 949; x_wconf 88' lang='lat' dir='ltr'><strong>cre·</strong></span> <span class='ocrx_word' id='word_1_110' title='bbox 1550 918 1572 950; x_wconf 82' lang='lat'>4</span> 
     </span>
     <span class='ocr_line' id='line_1_15' title="bbox 94 965 1523 1025; baseline 0 -14"><span class='ocrx_word' id='word_1_111' title='bbox 94 965 302 1024; x_wconf 79' lang='lat' dir='ltr'><strong>diderim,</strong></span> <span class='ocrx_word' id='word_1_112' title='bbox 349 979 463 1022; x_wconf 86' lang='lat' dir='ltr'><strong>quae</strong></span> <span class='ocrx_word' id='word_1_113' title='bbox 504 965 581 1009; x_wconf 87' lang='lat' dir='ltr'><strong>ille</strong></span> <span class='ocrx_word' id='word_1_114' title='bbox 633 965 790 1009; x_wconf 89' lang='lat' dir='ltr'><strong>mundi</strong></span> <span class='ocrx_word' id='word_1_115' title='bbox 832 981 993 1023; x_wconf 86' lang='lat' dir='ltr'><strong>parens</strong></span> <span class='ocrx_word' id='word_1_116' title='bbox 1039 969 1260 1024; x_wconf 89' lang='lat' dir='ltr'><strong>temperat</strong></span> <span class='ocrx_word' id='word_1_117' title='bbox 1304 969 1437 1025; x_wconf 91' lang='lat' dir='ltr'><strong>nutu,</strong></span> <span class='ocrx_word' id='word_1_118' title='bbox 1485 967 1523 1011; x_wconf 90' lang='lat' dir='ltr'><strong>si</strong></span> 
     </span>
     <span class='ocr_line' id='line_1_16' title="bbox 95 1027 1524 1088; baseline 0 -14"><span class='ocrx_word' id='word_1_119' title='bbox 95 1028 276 1088; x_wconf 82' lang='lat' dir='ltr'><strong>quando</strong></span> <span class='ocrx_word' id='word_1_120' title='bbox 303 1027 459 1073; x_wconf 91' lang='lat' dir='ltr'><strong>oculos</strong></span> <span class='ocrx_word' id='word_1_121' title='bbox 487 1027 666 1072; x_wconf 90' lang='lat' dir='ltr'><strong>demisit</strong></span> <span class='ocrx_word' id='word_1_122' title='bbox 692 1028 740 1072; x_wconf 92' lang='lat' dir='ltr'><strong>in</strong></span> <span class='ocrx_word' id='word_1_123' title='bbox 765 1030 906 1072; x_wconf 88' lang='lat' dir='ltr'><strong>terras</strong></span> <span class='ocrx_word' id='word_1_124' title='bbox 934 1031 977 1073; x_wconf 91' lang='lat' dir='ltr'><strong>et</strong></span> <span class='ocrx_word' id='word_1_125' title='bbox 1004 1028 1097 1073; x_wconf 90' lang='lat' dir='ltr'><strong>fata</strong></span> <span class='ocrx_word' id='word_1_126' title='bbox 1123 1030 1382 1074; x_wconf 86' lang='lat' dir='ltr'><strong>mortalium</strong></span> <span class='ocrx_word' id='word_1_127' title='bbox 1406 1029 1524 1074; x_wconf 87' lang='lat' dir='ltr'><strong>inter</strong></span> 
     </span>
     <span class='ocr_line' id='line_1_17' title="bbox 95 1091 1572 1150; baseline 0.001 -13"><span class='ocrx_word' id='word_1_128' title='bbox 95 1091 249 1137; x_wconf 79' lang='lat' dir='ltr'><strong>divina</strong></span> <span class='ocrx_word' id='word_1_129' title='bbox 287 1106 424 1150; x_wconf 87' lang='lat' dir='ltr'><strong>opera</strong></span> <span class='ocrx_word' id='word_1_130' title='bbox 461 1106 695 1147; x_wconf 83' lang='lat' dir='ltr'><strong>numerare</strong></span> <span class='ocrx_word' id='word_1_131' title='bbox 736 1091 946 1150; x_wconf 88' lang='lat' dir='ltr'><strong>dignatus</strong></span> <span class='ocrx_word' id='word_1_132' title='bbox 987 1094 1072 1150; x_wconf 80' lang='lat' dir='ltr'><strong>est3</strong></span> <span class='ocrx_word' id='word_1_133' title='bbox 1113 1107 1201 1149; x_wconf 87' lang='lat' dir='ltr'><strong>qua</strong></span> <span class='ocrx_word' id='word_1_134' title='bbox 1237 1107 1358 1137; x_wconf 91' lang='lat' dir='ltr'><strong>nunc</strong></span> <span class='ocrx_word' id='word_1_135' title='bbox 1396 1095 1524 1150; x_wconf 87' lang='lat' dir='ltr'><strong>parte</strong></span> <span class='ocrx_word' id='word_1_136' title='bbox 1551 1107 1572 1140; x_wconf 88' lang='lat'>5</span> 
     </span>
     <span class='ocr_line' id='line_1_18' title="bbox 93 1154 1524 1213; baseline 0 -13"><span class='ocrx_word' id='word_1_137' title='bbox 93 1154 210 1200; x_wconf 86' lang='lat' dir='ltr'><strong>liber</strong></span> <span class='ocrx_word' id='word_1_138' title='bbox 234 1155 500 1212; x_wconf 87' lang='lat' dir='ltr'><strong>solutusque</strong></span> <span class='ocrx_word' id='word_1_139' title='bbox 527 1156 704 1198; x_wconf 89' lang='lat' dir='ltr'><strong>tantum</strong></span> <span class='ocrx_word' id='word_1_140' title='bbox 732 1155 854 1199; x_wconf 89' lang='lat' dir='ltr'><strong>caelo</strong></span> <span class='ocrx_word' id='word_1_141' title='bbox 882 1157 1028 1211; x_wconf 84' lang='lat' dir='ltr'><strong>vacat,</strong></span> <span class='ocrx_word' id='word_1_142' title='bbox 1049 1158 1291 1213; x_wconf 88' lang='lat' dir='ltr'><strong>postquam</strong></span> <span class='ocrx_word' id='word_1_143' title='bbox 1317 1158 1362 1200; x_wconf 91' lang='lat' dir='ltr'><strong>te</strong></span> <span class='ocrx_word' id='word_1_144' title='bbox 1388 1155 1524 1213; x_wconf 87' lang='lat' dir='ltr'><strong>dedit,</strong></span> 
     </span>
     <span class='ocr_line' id='line_1_19' title="bbox 96 1216 1524 1278; baseline 0 -15"><span class='ocrx_word' id='word_1_145' title='bbox 96 1217 174 1277; x_wconf 89' lang='lat' dir='ltr'><strong>qui</strong></span> <span class='ocrx_word' id='word_1_146' title='bbox 216 1231 323 1277; x_wconf 86' lang='lat' dir='ltr'><strong>erga</strong></span> <span class='ocrx_word' id='word_1_147' title='bbox 361 1231 493 1262; x_wconf 90' lang='lat' dir='ltr'><strong>omne</strong></span> <span class='ocrx_word' id='word_1_148' title='bbox 531 1216 766 1261; x_wconf 91' lang='lat' dir='ltr'><strong>hominum</strong></span> <span class='ocrx_word' id='word_1_149' title='bbox 813 1233 954 1277; x_wconf 90' lang='lat' dir='ltr'><strong>genus</strong></span> <span class='ocrx_word' id='word_1_150' title='bbox 997 1217 1093 1262; x_wconf 81' lang='lat' dir='ltr'><strong>vice</strong></span> <span class='ocrx_word' id='word_1_151' title='bbox 1140 1234 1219 1262; x_wconf 87' lang='lat' dir='ltr'><strong>sua</strong></span> <span class='ocrx_word' id='word_1_152' title='bbox 1261 1218 1524 1278; x_wconf 85' lang='lat' dir='ltr'><strong>fungereris.</strong></span> 
     </span>
    </p>
   </div>
   <div class='ocr_carea' id='block_1_5' title="bbox 16 1279 1524 1340">
    <p class='ocr_par' dir='ltr' id='par_1_5' title="bbox 16 1279 1524 1340">
     <span class='ocr_line' id='line_1_20' title="bbox 16 1279 1524 1340; baseline 0 -15"><span class='ocrx_word' id='word_1_153' title='bbox 16 1316 19 1317; x_wconf 19' lang='grc' dir='ltr'><em>ν</em></span> <span class='ocrx_word' id='word_1_154' title='bbox 94 1280 316 1340; x_wconf 79' lang='lat' dir='ltr'><strong>Fungeris</strong></span> <span class='ocrx_word' id='word_1_155' title='bbox 362 1280 481 1324; x_wconf 85' lang='lat' dir='ltr'><strong>enim</strong></span> <span class='ocrx_word' id='word_1_156' title='bbox 528 1279 790 1338; x_wconf 87' lang='lat' dir='ltr'><strong>sufficisque</strong></span> <span class='ocrx_word' id='word_1_157' title='bbox 843 1280 1094 1339; x_wconf 85' lang='lat' dir='ltr'><strong>mandanti,</strong></span> <span class='ocrx_word' id='word_1_158' title='bbox 1153 1296 1254 1325; x_wconf 93' lang='lat' dir='ltr'><strong>cum</strong></span> <span class='ocrx_word' id='word_1_159' title='bbox 1300 1281 1384 1325; x_wconf 88' lang='lat' dir='ltr'><strong>tibi</strong></span> <span class='ocrx_word' id='word_1_160' title='bbox 1431 1281 1524 1326; x_wconf 89' lang='lat' dir='ltr'><strong>dies</strong></span> 
     </span>
    </p>
   </div>
   <div class='ocr_carea' id='block_1_6' title="bbox 94 1343 1602 2094">
    <p class='ocr_par' dir='ltr' id='par_1_6' title="bbox 95 1343 1526 1452">
     <span class='ocr_line' id='line_1_21' title="bbox 96 1343 1526 1400; baseline -0.001 -10"><span class='ocrx_word' id='word_1_161' title='bbox 96 1344 244 1390; x_wconf 87' lang='lat' dir='ltr'><strong>omnis</strong></span> <span class='ocrx_word' id='word_1_162' title='bbox 283 1358 459 1388; x_wconf 89' lang='lat' dir='ltr'><strong>summa</strong></span> <span class='ocrx_word' id='word_1_163' title='bbox 497 1358 599 1388; x_wconf 89' lang='lat' dir='ltr'><strong>cum</strong></span> <span class='ocrx_word' id='word_1_164' title='bbox 640 1343 837 1388; x_wconf 80' lang='lat' dir='ltr'><strong>utilitate</strong></span> <span class='ocrx_word' id='word_1_165' title='bbox 876 1346 1050 1400; x_wconf 88' lang='lat' dir='ltr'><strong>nostra,</strong></span> <span class='ocrx_word' id='word_1_166' title='bbox 1091 1359 1265 1388; x_wconf 89' lang='lat' dir='ltr'><strong>summa</strong></span> <span class='ocrx_word' id='word_1_167' title='bbox 1305 1359 1407 1389; x_wconf 92' lang='lat' dir='ltr'><strong>cum</strong></span> <span class='ocrx_word' id='word_1_168' title='bbox 1447 1346 1526 1389; x_wconf 89' lang='lat' dir='ltr'><strong>tua</strong></span> 
     </span>
     <span class='ocr_line' id='line_1_22' title="bbox 95 1405 492 1452; baseline -0.005 0"><span class='ocrx_word' id='word_1_169' title='bbox 95 1406 230 1452; x_wconf 86' lang='lat' dir='ltr'><strong>laude</strong></span> <span class='ocrx_word' id='word_1_170' title='bbox 261 1405 492 1452; x_wconf 79' lang='lat' dir='ltr'><strong>condatur.</strong></span> 
     </span>
    </p>

    <p class='ocr_par' dir='ltr' id='par_1_7' title="bbox 94 1468 1602 2094">
     <span class='ocr_line' id='line_1_23' title="bbox 191 1468 1598 1528; baseline 0 -14"><span class='ocrx_word' id='word_1_171' title='bbox 191 1468 364 1523; x_wconf 84' lang='lat' dir='ltr'><strong>Quodsi</strong></span> <span class='ocrx_word' id='word_1_172' title='bbox 395 1468 575 1527; x_wconf 85' lang='lat' dir='ltr'><strong>quando</strong></span> <span class='ocrx_word' id='word_1_173' title='bbox 610 1484 712 1513; x_wconf 92' lang='lat' dir='ltr'><strong>cum</strong></span> <span class='ocrx_word' id='word_1_174' title='bbox 744 1468 1038 1513; x_wconf 86' lang='lat' dir='ltr'><strong>influentibus</strong></span> <span class='ocrx_word' id='word_1_175' title='bbox 1077 1469 1272 1528; x_wconf 88' lang='lat' dir='ltr'><strong>negotiis</strong></span> <span class='ocrx_word' id='word_1_176' title='bbox 1305 1469 1432 1528; x_wconf 87' lang='lat' dir='ltr'><strong>paria</strong></span> <span class='ocrx_word' id='word_1_177' title='bbox 1463 1469 1526 1514; x_wconf 86' lang='lat' dir='ltr'><strong>fe·</strong></span> <span class='ocrx_word' id='word_1_178' title='bbox 1538 1468 1598 1518; x_wconf 88' lang='lat'><strong>81</strong></span> 
     </span>
     <span class='ocr_line' id='line_1_24' title="bbox 95 1531 1525 1591; baseline -0.001 -13"><span class='ocrx_word' id='word_1_179' title='bbox 95 1532 217 1591; x_wconf 76' lang='lat' dir='ltr'><strong>cisti,</strong></span> <span class='ocrx_word' id='word_1_180' title='bbox 258 1532 403 1577; x_wconf 86' lang='lat' dir='ltr'><strong>instar</strong></span> <span class='ocrx_word' id='word_1_181' title='bbox 438 1531 696 1576; x_wconf 89' lang='lat' dir='ltr'><strong>refectionis</strong></span> <span class='ocrx_word' id='word_1_182' title='bbox 737 1532 966 1576; x_wconf 81' lang='lat' dir='ltr'><strong>existimas</strong></span> <span class='ocrx_word' id='word_1_183' title='bbox 1006 1532 1302 1576; x_wconf 86' lang='lat' dir='ltr'><strong>mutationem</strong></span> <span class='ocrx_word' id='word_1_184' title='bbox 1344 1532 1525 1577; x_wconf 90' lang='lat' dir='ltr'><strong>laboris.</strong></span> 
     </span>
     <span class='ocr_line' id='line_1_25' title="bbox 97 1594 1526 1652; baseline 0 -12"><span class='ocrx_word' id='word_1_185' title='bbox 97 1595 220 1650; x_wconf 82' lang='lat' dir='ltr'><strong>Quae</strong></span> <span class='ocrx_word' id='word_1_186' title='bbox 252 1595 373 1640; x_wconf 86' lang='lat' dir='ltr'><strong>em&#39;m</strong></span> <span class='ocrx_word' id='word_1_187' title='bbox 405 1595 610 1639; x_wconf 88' lang='lat' dir='ltr'><strong>remissio</strong></span> <span class='ocrx_word' id='word_1_188' title='bbox 644 1594 728 1638; x_wconf 93' lang='lat' dir='ltr'><strong>tibi</strong></span> <span class='ocrx_word' id='word_1_189' title='bbox 760 1595 848 1639; x_wconf 89' lang='lat' dir='ltr'><strong>nisi</strong></span> <span class='ocrx_word' id='word_1_190' title='bbox 886 1595 1077 1639; x_wconf 90' lang='lat' dir='ltr'><strong>lustrare</strong></span> <span class='ocrx_word' id='word_1_191' title='bbox 1118 1595 1277 1652; x_wconf 89' lang='lat' dir='ltr'><strong>saltus,</strong></span> <span class='ocrx_word' id='word_1_192' title='bbox 1320 1598 1526 1640; x_wconf 84' lang='lat' dir='ltr'><strong>excutere</strong></span> 
     </span>
     <span class='ocr_line' id='line_1_26' title="bbox 96 1657 1528 1718; baseline -0.001 -14"><span class='ocrx_word' id='word_1_193' title='bbox 96 1657 321 1704; x_wconf 83' lang='lat' dir='ltr'><strong>cubilibus</strong></span> <span class='ocrx_word' id='word_1_194' title='bbox 341 1658 478 1716; x_wconf 89' lang='lat' dir='ltr'><strong>feras,</strong></span> <span class='ocrx_word' id='word_1_195' title='bbox 504 1673 713 1715; x_wconf 87' lang='lat' dir='ltr'><strong>superare</strong></span> <span class='ocrx_word' id='word_1_196' title='bbox 741 1657 959 1702; x_wconf 86' lang='lat' dir='ltr'><strong>immensa</strong></span> <span class='ocrx_word' id='word_1_197' title='bbox 987 1658 1210 1702; x_wconf 91' lang='lat' dir='ltr'><strong>montium</strong></span> <span class='ocrx_word' id='word_1_198' title='bbox 1232 1658 1338 1718; x_wconf 88' lang='lat' dir='ltr'><strong>iuga</strong></span> <span class='ocrx_word' id='word_1_199' title='bbox 1358 1661 1403 1702; x_wconf 92' lang='lat' dir='ltr'><strong>et</strong></span> <span class='ocrx_word' id='word_1_200' title='bbox 1421 1658 1528 1702; x_wconf 94' lang='lat' dir='ltr'><strong>hor-</strong></span> 
     </span>
     <span class='ocr_line' id='line_1_27' title="bbox 94 1721 1602 1782; baseline -0.001 -16"><span class='ocrx_word' id='word_1_201' title='bbox 94 1721 298 1767; x_wconf 87' lang='lat' dir='ltr'><strong>rentibus</strong></span> <span class='ocrx_word' id='word_1_202' title='bbox 325 1721 523 1779; x_wconf 89' lang='lat' dir='ltr'><strong>scopulis</strong></span> <span class='ocrx_word' id='word_1_203' title='bbox 558 1721 747 1780; x_wconf 87' lang='lat' dir='ltr'><strong>gradum</strong></span> <span class='ocrx_word' id='word_1_204' title='bbox 781 1721 944 1765; x_wconf 86' lang='lat' dir='ltr'><strong>inferre</strong></span> <span class='ocrx_word' id='word_1_205' title='bbox 971 1721 1139 1764; x_wconf 91' lang='lat' dir='ltr'><strong>nullius</strong></span> <span class='ocrx_word' id='word_1_206' title='bbox 1167 1736 1321 1779; x_wconf 85' lang='lat' dir='ltr'><strong>manu,</strong></span> <span class='ocrx_word' id='word_1_207' title='bbox 1357 1721 1527 1765; x_wconf 88' lang='lat' dir='ltr'><strong>nullius</strong></span> <span class='ocrx_word' id='word_1_208' title='bbox 1597 1779 1602 1782; x_wconf 26' lang='grc' dir='ltr'>Ι</span> 
     </span>
     <span class='ocr_line' id='line_1_28' title="bbox 94 1783 1528 1845; baseline -0.001 -16"><span class='ocrx_word' id='word_1_209' title='bbox 94 1784 288 1845; x_wconf 85' lang='lat' dir='ltr'><strong>vestigio</strong></span> <span class='ocrx_word' id='word_1_210' title='bbox 322 1783 526 1829; x_wconf 82' lang='lat' dir='ltr'><strong>adiutum</strong></span> <span class='ocrx_word' id='word_1_211' title='bbox 559 1787 693 1841; x_wconf 89' lang='lat' dir='ltr'><strong>atque</strong></span> <span class='ocrx_word' id='word_1_212' title='bbox 726 1783 844 1827; x_wconf 92' lang='lat' dir='ltr'><strong>inter</strong></span> <span class='ocrx_word' id='word_1_213' title='bbox 875 1783 986 1828; x_wconf 88' lang='lat' dir='ltr'><strong>haec</strong></span> <span class='ocrx_word' id='word_1_214' title='bbox 1018 1783 1094 1841; x_wconf 87' lang='lat' dir='ltr'><strong>pia</strong></span> <span class='ocrx_word' id='word_1_215' title='bbox 1125 1787 1274 1828; x_wconf 88' lang='lat' dir='ltr'><strong>mente</strong></span> <span class='ocrx_word' id='word_1_216' title='bbox 1308 1783 1429 1828; x_wconf 88' lang='lat' dir='ltr'><strong>adire</strong></span> <span class='ocrx_word' id='word_1_217' title='bbox 1461 1785 1528 1828; x_wconf 92' lang='lat' dir='ltr'><strong>lu-</strong></span> 
     </span>
     <span class='ocr_line' id='line_1_29' title="bbox 96 1845 1576 1905; baseline 0 -12"><span class='ocrx_word' id='word_1_218' title='bbox 96 1862 173 1893; x_wconf 86' lang='lat' dir='ltr'><strong>cos</strong></span> <span class='ocrx_word' id='word_1_219' title='bbox 219 1850 265 1892; x_wconf 89' lang='lat' dir='ltr'><strong>et</strong></span> <span class='ocrx_word' id='word_1_220' title='bbox 307 1862 541 1892; x_wconf 87' lang='lat' dir='ltr'><strong>occursare</strong></span> <span class='ocrx_word' id='word_1_221' title='bbox 587 1846 877 1891; x_wconf 81' lang='lat' dir='ltr'><strong>numinibus?</strong></span> <span class='ocrx_word' id='word_1_222' title='bbox 936 1845 1056 1890; x_wconf 90' lang='lat' dir='ltr'><strong>Olim</strong></span> <span class='ocrx_word' id='word_1_223' title='bbox 1100 1846 1209 1891; x_wconf 85' lang='lat' dir='ltr'><strong>haec</strong></span> <span class='ocrx_word' id='word_1_224' title='bbox 1253 1847 1528 1905; x_wconf 86' lang='lat' dir='ltr'><strong>experientia</strong></span> <span class='ocrx_word' id='word_1_225' title='bbox 1554 1860 1576 1893; x_wconf 79' lang='lat'>2</span> 
     </span>
     <span class='ocr_line' id='line_1_30' title="bbox 95 1909 1526 1968; baseline -0.001 -13"><span class='ocrx_word' id='word_1_226' title='bbox 95 1910 360 1968; x_wconf 80' lang='lat' dir='ltr'><strong>iuventutis,</strong></span> <span class='ocrx_word' id='word_1_227' title='bbox 393 1910 504 1955; x_wconf 88' lang='lat' dir='ltr'><strong>haec</strong></span> <span class='ocrx_word' id='word_1_228' title='bbox 536 1910 745 1968; x_wconf 86' lang='lat' dir='ltr'><strong>voluptas</strong></span> <span class='ocrx_word' id='word_1_229' title='bbox 780 1911 894 1966; x_wconf 90' lang='lat' dir='ltr'><strong>erat,</strong></span> <span class='ocrx_word' id='word_1_230' title='bbox 925 1909 996 1953; x_wconf 90' lang='lat' dir='ltr'><strong>his</strong></span> <span class='ocrx_word' id='word_1_231' title='bbox 1024 1909 1195 1953; x_wconf 85' lang='lat' dir='ltr'><strong>artibus</strong></span> <span class='ocrx_word' id='word_1_232' title='bbox 1222 1909 1365 1954; x_wconf 89' lang='lat' dir='ltr'><strong>futuri</strong></span> <span class='ocrx_word' id='word_1_233' title='bbox 1391 1910 1526 1954; x_wconf 91' lang='lat' dir='ltr'><strong>duces</strong></span> 
     </span>
     <span class='ocr_line' id='line_1_31' title="bbox 95 1972 1528 2032; baseline 0 -14"><span class='ocrx_word' id='word_1_234' title='bbox 95 1973 432 2031; x_wconf 86' lang='lat' dir='ltr'><strong>imbuebantur,</strong></span> <span class='ocrx_word' id='word_1_235' title='bbox 472 1975 641 2018; x_wconf 89' lang='lat' dir='ltr'><strong>certare</strong></span> <span class='ocrx_word' id='word_1_236' title='bbox 675 1975 776 2017; x_wconf 89' lang='lat' dir='ltr'><strong>cum</strong></span> <span class='ocrx_word' id='word_1_237' title='bbox 815 1972 1054 2032; x_wconf 86' lang='lat' dir='ltr'><strong>fugacibus</strong></span> <span class='ocrx_word' id='word_1_238' title='bbox 1097 1972 1203 2017; x_wconf 87' lang='lat' dir='ltr'><strong>feris</strong></span> <span class='ocrx_word' id='word_1_239' title='bbox 1238 1988 1392 2028; x_wconf 90' lang='lat' dir='ltr'><strong>cursu,</strong></span> <span class='ocrx_word' id='word_1_240' title='bbox 1426 1987 1528 2018; x_wconf 90' lang='lat' dir='ltr'><strong>cum</strong></span> 
     </span>
     <span class='ocr_line' id='line_1_32' title="bbox 96 2035 1528 2094; baseline -0.001 -12"><span class='ocrx_word' id='word_1_241' title='bbox 96 2036 339 2082; x_wconf 86' lang='lat' dir='ltr'><strong>audacibus</strong></span> <span class='ocrx_word' id='word_1_242' title='bbox 365 2037 547 2093; x_wconf 88' lang='lat' dir='ltr'><strong>robore,</strong></span> <span class='ocrx_word' id='word_1_243' title='bbox 574 2051 675 2080; x_wconf 89' lang='lat' dir='ltr'><strong>cum</strong></span> <span class='ocrx_word' id='word_1_244' title='bbox 705 2035 878 2080; x_wconf 88' lang='lat' dir='ltr'><strong>callidis</strong></span> <span class='ocrx_word' id='word_1_245' title='bbox 900 2038 1019 2094; x_wconf 82' lang='lat' dir='ltr'><strong>astu3</strong></span> <span class='ocrx_word' id='word_1_246' title='bbox 1045 2050 1129 2080; x_wconf 91' lang='lat' dir='ltr'><strong>nec</strong></span> <span class='ocrx_word' id='word_1_247' title='bbox 1155 2036 1378 2081; x_wconf 92' lang='lat' dir='ltr'><strong>mediocre</strong></span> <span class='ocrx_word' id='word_1_248' title='bbox 1405 2036 1528 2094; x_wconf 89' lang='lat' dir='ltr'><strong>pacis</strong></span> 
     </span>
    </p>
   </div>
   <div class='ocr_carea' id='block_1_7' title="bbox 99 2126 392 2131">
    <p class='ocr_par' dir='ltr' id='par_1_8' title="bbox 99 2126 392 2131">
     <span class='ocr_line' id='line_1_33' title="bbox 99 2126 392 2131; baseline 0 0"><span class='ocrx_word' id='word_1_249' title='bbox 99 2126 392 2131; x_wconf 95' lang='lat' dir='ltr'><strong> </strong></span> 
     </span>
    </p>
   </div>
   <div class='ocr_carea' id='block_1_8' title="bbox 92 2183 1531 2535">
    <p class='ocr_par' dir='ltr' id='par_1_9' title="bbox 92 2183 1531 2535">
     <span class='ocr_line' id='line_1_34' title="bbox 197 2183 1527 2231; baseline -0.002 -8"><span class='ocrx_word' id='word_1_250' title='bbox 197 2190 216 2222; x_wconf 91' lang='lat'>1</span> <span class='ocrx_word' id='word_1_251' title='bbox 247 2184 458 2223; x_wconf 85' lang='lat' dir='ltr'><strong>clementia</strong></span> <span class='ocrx_word' id='word_1_252' title='bbox 482 2185 554 2221; x_wconf 79' lang='lat' dir='ltr'><strong>tua</strong></span> <span class='ocrx_word' id='word_1_253' title='bbox 576 2184 628 2221; x_wconf 89' lang='lat' dir='ltr'><strong>K.</strong></span> <span class='ocrx_word' id='word_1_254' title='bbox 649 2184 730 2221; x_wconf 77' lang='lat' dir='ltr'><strong>ind.</strong></span> <span class='ocrx_word' id='word_1_255' title='bbox 747 2195 789 2231; x_wconf 81' lang='lat' dir='ltr'><strong>p.</strong></span> <span class='ocrx_word' id='word_1_256' title='bbox 812 2184 864 2220; x_wconf 90' lang='lat' dir='ltr'><strong>X.</strong></span> <span class='ocrx_word' id='word_1_257' title='bbox 888 2206 934 2212; x_wconf 88' lang='lat'><strong>-—</strong></span> <span class='ocrx_word' id='word_1_258' title='bbox 957 2183 1068 2221; x_wconf 89' lang='lat' dir='ltr'><strong>clem.</strong></span> <span class='ocrx_word' id='word_1_259' title='bbox 1091 2184 1155 2221; x_wconf 91' lang='lat' dir='ltr'><strong>cui</strong></span> <span class='ocrx_word' id='word_1_260' title='bbox 1175 2196 1254 2222; x_wconf 88' lang='lat' dir='ltr'><strong>non</strong></span> <span class='ocrx_word' id='word_1_261' title='bbox 1273 2186 1319 2221; x_wconf 87' lang='lat' dir='ltr'><strong>tu</strong></span> <span class='ocrx_word' id='word_1_262' title='bbox 1338 2184 1411 2222; x_wconf 90' lang='lat' dir='ltr'><strong>loc.</strong></span> <span class='ocrx_word' id='word_1_263' title='bbox 1433 2184 1527 2222; x_wconf 88' lang='lat' dir='ltr'><strong>fisco</strong></span> 
     </span>
     <span class='ocr_line' id='line_1_35' title="bbox 96 2234 1528 2285; baseline -0.001 -12"><span class='ocrx_word' id='word_1_264' title='bbox 96 2247 203 2285; x_wconf 79' lang='lat' dir='ltr'><strong>oper.</strong></span> <span class='ocrx_word' id='word_1_265' title='bbox 225 2235 304 2273; x_wconf 86' lang='lat' dir='ltr'><strong>sed.</strong></span> <span class='ocrx_word' id='word_1_266' title='bbox 330 2236 381 2280; x_wconf 88' lang='lat' dir='ltr'><strong>R,</strong></span> <span class='ocrx_word' id='word_1_267' title='bbox 415 2235 486 2272; x_wconf 81' lang='lat' dir='ltr'><strong>del.</strong></span> <span class='ocrx_word' id='word_1_268' title='bbox 515 2234 578 2271; x_wconf 90' lang='lat' dir='ltr'><strong>cui</strong></span> <span class='ocrx_word' id='word_1_269' title='bbox 610 2235 767 2280; x_wconf 66' lang='lat' dir='ltr'><strong>Baehr„</strong></span> <span class='ocrx_word' id='word_1_270' title='bbox 801 2234 853 2270; x_wconf 91' lang='lat' dir='ltr'><strong>K.</strong></span> <span class='ocrx_word' id='word_1_271' title='bbox 868 2235 929 2280; x_wconf 82' lang='lat' dir='ltr'><strong>II,</strong></span> <span class='ocrx_word' id='word_1_272' title='bbox 962 2235 1123 2280; x_wconf 79' lang='lat' dir='ltr'><strong>Muell.;</strong></span> <span class='ocrx_word' id='word_1_273' title='bbox 1152 2236 1333 2272; x_wconf 79' lang='lat' dir='ltr'><strong>omittwnt</strong></span> <span class='ocrx_word' id='word_1_274' title='bbox 1361 2235 1442 2280; x_wconf 76' lang='lat' dir='ltr'><strong>cui,</strong></span> <span class='ocrx_word' id='word_1_275' title='bbox 1472 2237 1528 2281; x_wconf 85' lang='lat' dir='ltr'><strong>tu,</strong></span> 
     </span>
     <span class='ocr_line' id='line_1_36' title="bbox 97 2284 1531 2335; baseline -0.001 -11"><span class='ocrx_word' id='word_1_276' title='bbox 97 2287 283 2335; x_wconf 84' lang='lat' dir='ltr'><strong>operatus</strong></span> <span class='ocrx_word' id='word_1_277' title='bbox 302 2286 384 2323; x_wconf 82' lang='lat' dir='ltr'><strong>rell.</strong></span> <span class='ocrx_word' id='word_1_278' title='bbox 405 2285 527 2331; x_wconf 62' lang='lat' dir='ltr'><strong>codd„</strong></span> <span class='ocrx_word' id='word_1_279' title='bbox 549 2285 602 2321; x_wconf 89' lang='lat' dir='ltr'><strong>K.</strong></span> <span class='ocrx_word' id='word_1_280' title='bbox 616 2285 646 2322; x_wconf 91' lang='lat' dir='ltr'><em>I</em></span> <span class='ocrx_word' id='word_1_281' title='bbox 648 2299 663 2330; x_wconf 90' lang='lat'><em>;</em></span> <span class='ocrx_word' id='word_1_282' title='bbox 689 2284 911 2329; x_wconf 79' lang='lat' dir='ltr'><strong>clementia,</strong></span> <span class='ocrx_word' id='word_1_283' title='bbox 937 2296 1057 2332; x_wconf 87' lang='lat' dir='ltr'><strong>quam</strong></span> <span class='ocrx_word' id='word_1_284' title='bbox 1077 2286 1122 2321; x_wconf 89' lang='lat' dir='ltr'><strong>tu</strong></span> <span class='ocrx_word' id='word_1_285' title='bbox 1142 2296 1220 2322; x_wconf 90' lang='lat' dir='ltr'><strong>non</strong></span> <span class='ocrx_word' id='word_1_286' title='bbox 1242 2314 1250 2322; x_wconf 96' lang='lat'><strong><em>.</em></strong></span> <span class='ocrx_word' id='word_1_287' title='bbox 1268 2314 1275 2321; x_wconf 92' lang='lat'><strong><em>.</em></strong></span> <span class='ocrx_word' id='word_1_288' title='bbox 1295 2315 1303 2321; x_wconf 90' lang='lat'>.</span> <span class='ocrx_word' id='word_1_289' title='bbox 1320 2314 1328 2322; x_wconf 97' lang='lat'><strong><em>.</em></strong></span> <span class='ocrx_word' id='word_1_290' title='bbox 1351 2286 1531 2323; x_wconf 70' lang='lat' dir='ltr'><strong>Haasius</strong></span> 
     </span>
     <span class='ocr_line' id='line_1_37' title="bbox 96 2334 1529 2384; baseline -0.001 -9"><span class='ocrx_word' id='word_1_291' title='bbox 96 2338 201 2375; x_wconf 58' lang='lat' dir='ltr'><strong>mise</strong></span> <span class='ocrx_word' id='word_1_292' title='bbox 223 2337 318 2384; x_wconf 77' lang='lat' dir='ltr'><strong>phil.</strong></span> <span class='ocrx_word' id='word_1_293' title='bbox 340 2336 413 2373; x_wconf 91' lang='lat' dir='ltr'><strong>XI</strong></span> <span class='ocrx_word' id='word_1_294' title='bbox 434 2338 495 2381; x_wconf 89' lang='lat'><strong>19,</strong></span> <span class='ocrx_word' id='word_1_295' title='bbox 523 2334 751 2372; x_wconf 83' lang='lat' dir='ltr'><strong>clementia!</strong></span> <span class='ocrx_word' id='word_1_296' title='bbox 806 2334 932 2379; x_wconf 85' lang='lat' dir='ltr'><strong>Quid?</strong></span> <span class='ocrx_word' id='word_1_297' title='bbox 959 2347 1039 2372; x_wconf 93' lang='lat' dir='ltr'><strong>non</strong></span> <span class='ocrx_word' id='word_1_298' title='bbox 1060 2337 1106 2371; x_wconf 91' lang='lat' dir='ltr'><strong>tu</strong></span> <span class='ocrx_word' id='word_1_299' title='bbox 1129 2335 1312 2381; x_wconf 77' lang='lat' dir='ltr'><strong>Selmelle,</strong></span> <span class='ocrx_word' id='word_1_300' title='bbox 1339 2335 1453 2381; x_wconf 66' lang='lat' dir='ltr'><strong>Sust„</strong></span> <span class='ocrx_word' id='word_1_301' title='bbox 1479 2336 1529 2381; x_wconf 83' lang='lat' dir='ltr'><strong>cf.</strong></span> 
     </span>
     <span class='ocr_line' id='line_1_38' title="bbox 92 2384 1528 2435; baseline -0.002 -9"><span class='ocrx_word' id='word_1_302' title='bbox 92 2399 134 2435; x_wconf 77' lang='grc' dir='ltr'><strong>Ρ.</strong></span> <span class='ocrx_word' id='word_1_303' title='bbox 155 2390 246 2433; x_wconf 83' lang='grc'><strong><em>359,</em></strong></span> <span class='ocrx_word' id='word_1_304' title='bbox 265 2390 300 2425; x_wconf 91' lang='lat'><strong>9.</strong></span> <span class='ocrx_word' id='word_1_305' title='bbox 404 2389 426 2422; x_wconf 83' lang='lat'>6</span> <span class='ocrx_word' id='word_1_306' title='bbox 455 2388 584 2423; x_wconf 85' lang='lat' dir='ltr'><strong>curas!</strong></span> <span class='ocrx_word' id='word_1_307' title='bbox 605 2384 860 2422; x_wconf 84' lang='lat' dir='ltr'><strong>reconciliare</strong></span> <span class='ocrx_word' id='word_1_308' title='bbox 880 2386 1125 2433; x_wconf 78' lang='lat' dir='ltr'><strong>interpunxit</strong></span> <span class='ocrx_word' id='word_1_309' title='bbox 1144 2386 1367 2433; x_wconf 77' lang='lat' dir='ltr'><strong>Bornecque</strong></span> <span class='ocrx_word' id='word_1_310' title='bbox 1379 2398 1422 2434; x_wconf 81' lang='lat' dir='ltr'><strong>p.</strong></span> <span class='ocrx_word' id='word_1_311' title='bbox 1442 2388 1528 2423; x_wconf 83' lang='lat'><strong><em>216.</em></strong></span> 
     </span>
     <span class='ocr_line' id='line_1_39' title="bbox 99 2435 1529 2483; baseline -0.001 -9"><span class='ocrx_word' id='word_1_312' title='bbox 99 2441 145 2474; x_wconf 75' lang='lat'><strong>12</strong></span> <span class='ocrx_word' id='word_1_313' title='bbox 165 2448 312 2474; x_wconf 88' lang='lat' dir='ltr'><strong>numen</strong></span> <span class='ocrx_word' id='word_1_314' title='bbox 332 2435 387 2474; x_wconf 92' lang='lat' dir='ltr'><strong>B&#39;</strong></span> <span class='ocrx_word' id='word_1_315' title='bbox 399 2437 451 2474; x_wconf 86' lang='lat' dir='ltr'><strong><em>M</em></strong></span> <span class='ocrx_word' id='word_1_316' title='bbox 456 2436 478 2481; x_wconf 82' lang='lat'><strong>&#39;,</strong></span> <span class='ocrx_word' id='word_1_317' title='bbox 498 2440 583 2473; x_wconf 85' lang='lat' dir='ltr'><strong>vett.</strong></span> <span class='ocrx_word' id='word_1_318' title='bbox 600 2436 696 2481; x_wconf 69' lang='lat' dir='ltr'><strong>edd„</strong></span> <span class='ocrx_word' id='word_1_319' title='bbox 718 2436 770 2473; x_wconf 91' lang='lat' dir='ltr'><strong>K.</strong></span> <span class='ocrx_word' id='word_1_320' title='bbox 785 2436 820 2481; x_wconf 89' lang='lat' dir='ltr'><strong>I,</strong></span> <span class='ocrx_word' id='word_1_321' title='bbox 842 2436 1000 2482; x_wconf 67' lang='lat' dir='ltr'><strong>Baehr„</strong></span> <span class='ocrx_word' id='word_1_322' title='bbox 1020 2436 1172 2482; x_wconf 62' lang='lat' dir='ltr'><strong>Muest,</strong></span> <span class='ocrx_word' id='word_1_323' title='bbox 1192 2447 1261 2473; x_wconf 86' lang='lat' dir='ltr'><strong>om.</strong></span> <span class='ocrx_word' id='word_1_324' title='bbox 1278 2437 1330 2473; x_wconf 84' lang='lat' dir='ltr'><em>M</em></span> <span class='ocrx_word' id='word_1_325' title='bbox 1337 2436 1382 2483; x_wconf 90' lang='lat'><strong>0,</strong></span> <span class='ocrx_word' id='word_1_326' title='bbox 1403 2437 1455 2473; x_wconf 89' lang='grc' dir='ltr'><strong>Κ.</strong></span> <span class='ocrx_word' id='word_1_327' title='bbox 1470 2437 1529 2473; x_wconf 93' lang='grc' dir='ltr'><strong>ΙΙ.</strong></span> 
     </span>
     <span class='ocr_line' id='line_1_40' title="bbox 99 2486 738 2535; baseline -0.002 -11"><span class='ocrx_word' id='word_1_328' title='bbox 99 2491 146 2524; x_wconf 82' lang='lat'><strong>13</strong></span> <span class='ocrx_word' id='word_1_329' title='bbox 173 2487 241 2524; x_wconf 80' lang='lat' dir='ltr'><strong>ille</strong></span> <span class='ocrx_word' id='word_1_330' title='bbox 268 2488 319 2534; x_wconf 79' lang='lat' dir='ltr'><strong>A,</strong></span> <span class='ocrx_word' id='word_1_331' title='bbox 348 2487 501 2532; x_wconf 62' lang='lat' dir='ltr'><strong>Muell„</strong></span> <span class='ocrx_word' id='word_1_332' title='bbox 526 2486 612 2534; x_wconf 88' lang='lat' dir='ltr'><strong>ipse</strong></span> <span class='ocrx_word' id='word_1_333' title='bbox 637 2487 738 2535; x_wconf 75' lang='lat' dir='ltr'><strong>vuly.</strong></span> 
     </span>
    </p>
   </div>
  </div>
 </body>
</html>
