1716 2742
145 134 235 179 372
756 128 795 166 C.
816 129 953 166 PLINI

144 247 231 292 nisi
265 249 308 291 et
341 245 585 304 praesides,
618 247 668 289 ut
695 247 925 290 censentes
954 245 1126 304 audias,
1160 245 1248 290 nisi
1275 248 1319 291 et
1346 260 1571 305 perrogas.

95 323 116 355 2
144 310 226 355 Vis
266 309 377 353 illud
417 308 787 367 augustissimum
821 309 1057 354 consulum
1098 309 1339 367 aliquando
1372 308 1574 354 tribunal

144 371 370 419 maiestati
396 386 501 416 suae
527 371 739 416 reddere?
773 371 971 416 ascende.
1033 371 1113 417 Vis
1141 374 1345 418 constare
1370 387 1574 417 reveren-

144 436 253 481 tiam
301 434 657 493 magistratibus,
707 434 882 493 legibus
929 434 1264 493 auctoritatem,
1308 435 1574 480 modestiam

97 511 117 544 3
145 497 513 558 postulantibus?
534 498 696 555 accipe.
726 496 857 551 Quod
877 497 996 543 enim
1017 498 1254 543 interesset
1271 498 1335 543 rei
1356 497 1574 557 publicae,

147 563 185 607 si
224 561 426 620 privatus
467 574 604 617 esses,
644 562 876 606 consulem
915 563 960 605 te
998 560 1185 606 haberet
1224 563 1400 606 tantum
1441 577 1499 606 an
1531 563 1576 606 et

147 627 416 681 senatorem,
447 623 536 668 hoc
567 639 688 668 nunc
721 623 833 668 scito
867 624 1100 682 interesse,
1138 624 1388 683 principem
1422 626 1468 669 te
1499 624 1576 668 ha-

96 701 118 734 4
145 688 250 733 beat
275 689 450 731 tantum
480 702 537 730 an
564 689 608 731 et
635 687 878 733 consulem.
931 687 1016 731 His
1043 689 1113 731 tot
1138 687 1367 746 tantisque
1393 686 1576 732 rationi-

145 751 229 795 bus
270 765 542 808 quamquam
582 751 775 795 multum
808 751 1027 795 reluctata
1058 750 1328 795 verecundia
1359 749 1576 809 principis

96 840 98 843 ·
145 813 290 858 nostri
316 813 495 857 tandem
524 815 676 857 tamen
703 813 847 858 cessit.
883 811 946 858 At
967 829 1098 871 quem
1126 813 1182 858 ad
1209 813 1393 858 modum
1414 812 1579 859 cessit?

144 876 253 922 Non
286 892 331 921 se
366 878 416 920 ut
449 876 655 934 privatis,
690 876 767 921 sed
800 879 851 920 ut
883 875 1083 934 privatos
1118 876 1205 921 sibi
1236 891 1366 935 pares
1399 876 1579 921 faceret.

96 953 118 987 5
146 939 334 998 Recepit
372 938 490 983 enim
531 939 715 983 tertium
749 940 1053 998 consulatum,
1091 943 1143 984 ut
1176 940 1312 985 daret.
1377 939 1580 985 Noverat

148 1002 500 1048 moderationem
521 1001 770 1059 hominum,
796 1005 984 1047 noverat
1004 1003 1236 1061 pudorem,
1269 1003 1347 1062 qui
1373 1018 1466 1048 non
1486 1017 1579 1048 sus-

147 1067 344 1112 tinerent
389 1065 523 1110 tertio
573 1066 779 1110 consules
826 1081 921 1111 esse
966 1066 1055 1110 nisi
1108 1081 1211 1111 cum
1262 1068 1331 1111 ter
1382 1065 1578 1111 consule.

149 1130 382 1175 Bellorum
424 1128 546 1173 istud
585 1129 718 1173 sociis
762 1128 891 1187 olim,
935 1129 1239 1187 periculorum
1283 1128 1580 1187 consortibus,

153 1208 286 1252 parce
318 1194 482 1250 tamen,
508 1191 803 1250 tribuebatur,
839 1192 959 1250 quod
986 1195 1036 1237 tu
1064 1191 1368 1252 singularibus
1395 1191 1502 1237 viris
1530 1206 1583 1237 ac

156 1257 210 1300 de
249 1257 293 1300 te
334 1255 514 1313 quidem
556 1255 668 1300 bene
708 1270 759 1300 ac
797 1255 994 1314 fortiter,
1041 1256 1119 1300 sed
1165 1256 1213 1300 in
1257 1258 1366 1315 toga
1409 1254 1582 1300 meritis

109 1334 130 1367 6
157 1318 434 1378 praestitisti.
498 1317 745 1377 Utriusque
788 1333 912 1377 cura,
956 1318 1191 1377 utriusque
1229 1318 1466 1378 vigilantia
1507 1317 1583 1363 ob-

159 1383 341 1428 strictus
381 1398 447 1440 es,
487 1381 658 1427 Caesar.
725 1380 812 1427 Sed
851 1382 900 1426 in
938 1382 1142 1440 principe
1174 1397 1326 1426 rarum
1358 1396 1410 1427 ac
1442 1396 1584 1440 prope

155 1446 388 1491 insolitum
411 1448 496 1504 est,
528 1448 580 1490 ut
601 1460 647 1490 se
667 1447 798 1504 putet
818 1445 1069 1504 obligatum
1091 1447 1186 1503 aut,
1220 1444 1258 1489 si
1277 1446 1428 1503 putet,
1453 1447 1583 1490 amet.

154 1509 301 1554 Debes
323 1524 450 1569 ergo,
479 1508 657 1567 Caesar,
684 1511 729 1553 et
755 1509 892 1554 solvis
920 1510 983 1565 et,
1010 1522 1111 1552 cum
1133 1510 1201 1553 ter
1228 1508 1433 1553 consules
1460 1507 1586 1566 facis,

153 1588 245 1617 non
283 1572 367 1616 tibi
408 1587 598 1632 magnus
638 1572 867 1630 princeps,
915 1571 992 1616 sed
1031 1586 1124 1616 non
1170 1571 1373 1631 ingratus
1413 1571 1584 1616 amicus

154 1635 339 1694 videris3
379 1636 489 1693 quin
529 1635 664 1680 etiam
704 1650 921 1693 perquam
955 1634 1133 1679 modica
1166 1634 1384 1692 quaedam
1419 1634 1586 1679 civium

109 1717 128 1750 7
157 1699 317 1744 merita
349 1698 556 1743 fortunae
589 1702 693 1743 tuae
726 1698 898 1743 viribus
932 1697 980 1742 in
1013 1698 1156 1742 maius
1191 1698 1382 1742 extollis.
1426 1697 1585 1742 Efficis

158 1763 296 1820 enim,
355 1765 406 1806 ut
448 1764 626 1806 tantum
678 1761 763 1806 tibi
810 1761 1000 1819 quisque
1046 1761 1323 1819 praestitisse
1369 1760 1586 1818 videatur,

158 1829 378 1884 quantum
406 1841 432 1869 a
458 1827 502 1870 te
529 1824 710 1883 recepit.
759 1823 876 1878 Quid
903 1823 980 1868 isti
1005 1823 1274 1883 benignitati
1300 1839 1468 1882 precer,
1499 1823 1587 1868 m'si

158 1892 210 1934 ut
236 1903 411 1947 semper
438 1888 632 1947 obliges,
665 1887 877 1947 obligeris
905 1887 1216 1945 incertumque
1242 1886 1402 1944 facias,
1433 1889 1587 1931 utrum

160 1952 303 2012 magis
338 1951 546 2010 expediat
579 1951 751 1996 civibus
781 1950 871 1996 tuis
899 1950 1060 1995 debere
1086 1950 1171 1995 tibi
1198 1966 1255 1995 an
1281 1948 1589 2009 praestitisse?

85 2019 142 2068 61
254 2015 476 2073 Equidem
510 2015 639 2060 illum
667 2015 903 2073 antiquum
931 2016 1134 2058 senatum
1163 2013 1367 2058 contueri
1392 2012 1588 2071 videbar,

161 2094 264 2124 cum
297 2081 366 2123 ter
399 2078 582 2124 consule
617 2077 846 2123 adsidente
878 2077 1012 2122 tertio
1047 2077 1278 2122 consulem
1305 2076 1588 2136 designatum

263 2183 284 2217 2
312 2177 458 2216 tribun.
484 2178 577 2224 aliq.
599 2178 651 2215 K.
668 2178 728 2223 ΙΙ,
755 2177 897 2214 Baehr.
1001 2176 1049 2213 ὅ*
1075 2174 1343 2223 postulatibus
1369 2175 1513 2213 Baehr.
1541 2196 1588 2202 —

164 2230 299 2278 accipe
326 2231 389 2277 (sc.
412 2228 672 2274 consulatum)
701 2239 779 2276 eyo,
806 2227 855 2273 cf.
876 2239 905 2265 e.
927 2238 956 2264 c.
983 2239 1021 2273 p.
1042 2229 1129 2272 376,
1148 2228 1212 2272 22,
1239 2224 1349 2263 adire
1376 2225 1497 2271 codd„
1524 2225 1590 2262 adi

163 2282 276 2329 vulp„
304 2279 398 2316 audi
425 2280 548 2326 Lips„
577 2279 628 2315 K.
644 2279 703 2324 II,
731 2277 866 2315 adside
893 2278 1049 2323 Baehr„
1078 2276 1171 2314 ades
1192 2276 1393 2322 Schwarz„
1421 2275 1590 2313 adtende

163 2331 183 2368 .9
206 2332 270 2377 Κ,
298 2330 477 2367 adnitere
498 2329 680 2374 Schnelle,
701 2328 850 2365 adsiste
869 2327 890 2365 ,9
910 2328 1052 2365 Suster.
1157 2330 1176 2363 7
1205 2339 1238 2364 v.
1254 2327 1452 2374 Hofaclcer
1464 2337 1506 2374 p.
1529 2328 1588 2364 55.

168 2385 212 2418 15
235 2381 327 2418 olim
350 2379 454 2430 <ut>
475 2380 595 2428 peric.
616 2380 759 2417 Baehr.
863 2382 907 2415 17
930 2378 972 2415 in
990 2379 1086 2426 toga
1105 2388 1197 2414 mer.
1213 2378 1358 2424 praest.
1374 2377 1424 2424 A,
1446 2377 1590 2422 Livia,

167 2432 218 2469 K.
239 2432 297 2477 II,
320 2431 473 2477 Baetem,
495 2431 645 2476 Muell„
666 2430 811 2478 praest.
833 2428 875 2466 in
895 2429 924 2466 t.
939 2441 1032 2466 mer.
1048 2427 1269 2476 cetthodd„
1289 2427 1342 2465 K.
1357 2428 1391 2465 I.
1483 2430 1528 2464 21
1551 2428 1592 2464 et

167 2494 255 2519 cum
302 2481 468 2527 Gruter„
509 2482 560 2518 K.
586 2482 644 2526 II,
685 2480 839 2526 Baehr„
882 2479 1031 2525 Muell„
1085 2478 1154 2515 sed
1194 2490 1282 2515 cum
1322 2477 1445 2524 codd„
1489 2477 1589 2525 vulq.

167 2536 214 2570 26
242 2531 391 2579 recepit
418 2532 467 2578 A,
495 2532 546 2568 K.
563 2532 623 2578 II,
649 2531 804 2578 Baehr„
833 2530 984 2576 Muell„
1010 2529 1152 2576 recipit
1179 2529 1240 2575 M,
1268 2528 1320 2565 K.

1605 830 1641 858 10

1609 1146 1644 1175 15

1611 1462 1648 1490 20

1613 1777 1650 1806 25

1615 2092 1652 2120 30
